2060 2891
845 164 1062 192 -Π-

109 263 180 284 usus
204 259 248 284 est
273 255 306 283 lV
324 254 373 288 69,
392 253 410 282 3
434 255 460 283 si
476 262 550 291 pone
571 254 651 292 sores
674 253 853 287 adsisterent;
879 261 933 281 nec
957 256 1053 281 tamen
1079 252 1105 280 ei
1129 251 1179 290 qui
1202 251 1232 280 in
1259 251 1369 288 vulgata
1388 250 1513 279 lectione
1531 250 1717 289 acquieverit,
1743 259 1801 279 non

106 310 278 339 defuturum
304 310 417 348 ignoro,
452 318 510 347 quo
534 318 596 338 eam
626 313 751 337 tueatur.
789 324 828 328 —
865 307 926 336 Xlll
949 305 1030 341 17‚8
1054 306 1168 336 illusum
1200 309 1253 336 isse
1282 308 1420 344 pueritiae
1451 306 1615 335 Britannici.
1661 305 1691 335 ln
1729 306 1801 335 libro

105 366 234 395 Mediceo
261 370 305 395 est
333 366 463 404 pueritia,
497 364 575 402 quod
605 374 692 393 nemo
721 364 815 392 adhuc
851 363 970 391 rettulit.
1017 362 1113 397 Quare
1147 361 1322 400 quaesiverit
1356 362 1469 399 aliquis,
1505 362 1579 390 sitne
1613 362 1801 391 scribendum

100 423 242 460 pueritiae
257 431 293 450 an
307 422 470 459 pueritiam,
494 420 632 458 quoniam
650 419 770 448 Tacitus
796 419 881 448 modo
899 419 1028 447 dativum
1055 418 1142 447 modo
1167 417 1364 446 accusativum
1383 417 1471 446 verbo
1493 417 1642 446 inludendi
1659 418 1801 447 adiunxit.

105 477 164 514 Ego
188 483 286 506 tamen
312 476 382 505 nihil
407 476 576 505 novandum
600 485 663 505 esse
686 475 871 508 crediderim,
907 474 1046 512 ‹pioniam
1071 473 1190 503 Tacitus
1212 472 1261 501 XV
1279 473 1328 507 72,
1348 473 1385 501 15
1410 473 1473 501 loco
1501 473 1648 502 simillimo
1670 490 1710 494 ——
1735 483 1802 502 nam

104 532 143 561 ibi
168 541 285 570 quoqne
310 537 445 571 stuprum
471 531 615 569 significat
637 548 678 553 —
703 531 801 560 dativo
826 540 895 559 usus
920 535 973 558 est.
998 529 1060 558 xlv
1077 529 1128 564 54,
1145 528 1162 557 8
1187 529 1214 557 in
1232 528 1359 557 Mediceo
1383 529 1524 566 scriptum
1550 534 1594 558 est
1618 538 1686 560 non.
1712 535 1741 558 nt
1764 529 1803 558 ait

104 587 243 622 Ritterns,
267 589 410 621 timenem,
444 588 494 616 sed
519 590 627 622 iuuere,
664 592 695 616 ut
719 591 764 615 est
788 586 863 625 apud
890 586 1038 614 Baiternm
1063 588 1110 620 (ex
1135 585 1225 613 altero
1249 594 1267 613 u
1291 584 1391 613 eadem
1422 594 1524 613 manus
1555 585 1651 614 ell'ecit
1675 585 1712 622 b),
1750 594 1803 614 nec

104 645 292 676 aministrari,
318 648 349 672 ut
372 651 416 672 est
439 645 515 683 apud
541 649 709 681 utrumque,
732 643 782 671 sed
806 643 1025 671 amininistrari.
1071 641 1152 669 lnter
1173 642 1271 669 iuuere
1295 645 1323 668 et
1343 645 1544 678 procuratores
1568 650 1654 679 supra
1687 651 1801 670 versum

105 707 210 728 manns
235 699 389 732 recentior,
414 703 446 728 ut
471 699 593 733 videtur,
618 698 730 727 addidit
752 707 813 735 per.
860 697 920 734 Ego
946 701 1043 726 utrum
1067 697 1130 725 ἰ”ιιόε
1152 705 1213 725 rem
1234 704 1285 735 per
1304 701 1506 734 procuratores
1522 701 1584 725 tuos
1606 697 1806 726 administrari

104 764 139 783 an
164 755 227 783 iube
248 763 300 793 per
321 760 522 793 procuratores
544 760 606 784 tuos
629 754 831 783 adnu'nistrari
852 764 866 782 a
883 753 983 782 Tacito
1007 753 1149 790 scriptum
1175 761 1239 780 esse
1264 751 1368 786 dicam,
1392 751 1509 784 dnbito;
1534 761 1600 780 nam
1626 762 1692 781 cum
1718 758 1801 781 antea

103 810 268 848 scripsisset
293 819 356 848 opes
378 820 466 845 meas,
492 810 547 839 hoc
570 810 633 839 loco
656 810 734 838 idem
760 809 907 838 obiectum
934 817 1008 837 novo
1035 808 1173 837 vocabulo
1197 807 1360 844 significare
1385 816 1442 836 non
1468 807 1568 845 utique
1584 818 1657 846 opus
1674 814 1745 838 erat.
1763 825 1803 829 —

105 866 143 894 De
168 866 209 894 eis
234 875 308 903 quae
335 865 380 894 XV
398 866 447 899 4⁴),
465 866 483 894 4
508 866 654 902 leguntur,
691 874 756 894 vera
786 865 966 894 rettulerunt
990 864 1021 892 B.
1046 868 1074 892 et
1098 864 1147 898 n.;
1183 863 1238 892 hoe
1268 869 1363 892 tamen
1388 863 1571 892 addendum:
1607 864 1634 892 in
1666 865 1802 893 vocabulo

106 921 172 951 lehis
208 932 223 951 u
259 932 346 959 snpra
372 922 387 951 b
410 921 508 960 posuit
533 931 571 950 m.
596 921 749 960 posterior,
774 921 803 950 in
829 929 917 950 vacuo
942 919 1048 958 spatie,
1077 919 1154 957 qnod
1180 919 1320 957 sequitur,
1353 918 1491 956 reliquiae
1520 924 1598 951 sunt,
1633 929 1706 957 quae
1733 919 1803 948 mihi

106 977 279 1006 videbantur
314 977 420 1006 habere
451 978 580 1015 speciem
605 977 678 1005 initii
703 977 816 1006 litterae
837 986 857 1015 p
881 981 992 1013 (neque
1018 975 1072 1003 ulla
1097 975 1135 1003 ibi
1152 983 1252 1003 rasura
1277 974 1343 1011 est).
1391 974 1555 1012 Utrumque
1579 975 1654 1004 favet
1671 975 1802 1013 Madvigii

103 1034 315 1066 emendationi,
340 1043 413 1072 quae
437 1043 467 1061 ea
493 1042 567 1071 quae
591 1032 737 1061 Medic-ens
763 1033 893 1071 praebet,
918 1040 1009 1070 paene
1035 1031 1147 1067 integra
1172 1030 1281 1059 reddit:
1317 1030 1435 1059 necdum
1457 1033 1563 1068 positus
1587 1032 1639 1065 [iel
1661 1032 1800 1069 demptus)

105 1095 195 1118 metus
218 1095 268 1119 aut
291 1090 414 1119 redierat
435 1088 514 1127 plebi
533 1098 607 1127 spes:
643 1098 760 1117 rursum
782 1094 929 1127 grassatus
952 1089 1032 1125 tynis,
1067 1086 1095 1114 in
1120 1095 1174 1123 qua
1200 1086 1254 1114 hoc
1277 1095 1367 1114 unum
1399 1085 1610 1115 submolestum
1636 1092 1688 1118 cst,
1723 1088 1801 1125 quod

104 1145 162 1174 duo
187 1145 232 1174 illa
256 1145 422 1174 sententiae
447 1144 587 1178 membra,
612 1154 686 1182 quae
711 1144 746 1172 M.
771 1144 874 1175 ess‘ecit,
900 1152 958 1172 non
983 1143 1053 1171 satis
1077 1142 1155 1170 inter
1178 1152 1208 1170 se
1231 1142 1380 1170 differunt.
1404 1158 1445 1162 ——
1462 1142 1509 1170 XV
1528 1143 1576 1175 5l,
1599 1143 1633 1170 1⁴5
1652 1142 1724 1171 Med.
1742 1153 1801 1172 non

105 1201 191 1229 habet
214 1210 300 1239 neque
323 1202 435 1229 senatui
456 1200 522 1239 quid
544 1209 668 1235 manere,
706 1206 736 1229 ut
761 1200 890 1229 {littei-us
914 1200 1049 1233 affirmat,
1084 1198 1134 1226 sed
1160 1207 1246 1236 neque
1268 1199 1380 1226 senatui
1404 1198 1477 1236 quod
1507 1208 1631 1232 manere,
1667 1199 1693 1227 id
1723 1200 1800 1237 quod

104 1257 235 1286 Baiterns
260 1257 337 1285 dicit.
383 1257 438 1285 Sed
464 1257 541 1285 liunc
563 1257 660 1286 locum
686 1257 734 1294 qui
760 1256 949 1294 probabiliter
972 1254 1131 1291 corrigeret
1153 1258 1202 1281 ant
1227 1253 1367 1291 expleret,
1392 1253 1522 1282 nondum
1548 1254 1682 1283 inventus
1707 1260 1757 1282 est.

246 1312 400 1341 Nonnullis
428 1312 497 1341 locis
526 1313 621 1341 adhuc
650 1313 758 1341 omissa
787 1317 870 1346 sunt,
907 1321 981 1350 qnae
1017 1311 1044 1338 in
1081 1309 1238 1346 margine
1271 1309 1390 1338 alterius
1419 1309 1536 1338 Medicei
1566 1310 1665 1338 eadem
1697 1320 1800 1338 manns

103 1367 268 1406 adscripsit,
293 1368 346 1396 etsi
369 1368 491 1397 dubium
518 1378 577 1397 non
603 1373 660 1402 est,
690 1368 760 1406 quin
786 1368 963 1397 emendandi
987 1375 1072 1395 causa
1095 1365 1239 1402 adscripta
1264 1365 1331 1393 sint.
1379 1364 1439 1393 XlV
1456 1365 1505 1399 58,
1523 1367 1540 1393 5
1566 1366 1638 1395 lwne
1663 1365 1801 1394 scribitur

103 1423 178 1452 clari
199 1429 280 1462 atque
303 1426 424 1453 insontes
446 1426 472 1453 si
491 1425 729 1463 interficerentur.
776 1424 816 1452 lbi
847 1426 872 1452 si
899 1424 953 1452 hoc
984 1423 1047 1451 loco
1077 1432 1091 1450 a
1116 1421 1353 1458 Bezzenbergero
1385 1421 1466 1457 (ante
1496 1421 1570 1451 clari
1595 1422 1629 1450 al»
1655 1422 1800 1459 lirnestio)

105 1479 264 1513 insertum,
291 1479 321 1507 in
346 1479 474 1508 Mediceo
507 1480 648 1508 omissum
680 1490 742 1508 esse
770 1480 884 1518 priores
908 1479 1018 1508 dicunt.
1065 1477 1101 1506 Et
1125 1477 1267 1505 omissum
1292 1480 1335 1505 est
1360 1477 1388 1505 in
1412 1477 1475 1515 ipso
1501 1482 1594 1509 textu,
1623 1478 1800 1515 adscriptum

104 1535 205 1563 eadem
231 1543 319 1563 mann
343 1535 372 1563 in
397 1535 528 1572 margine
552 1544 606 1564 nec
630 1540 728 1564 tamen
753 1535 925 1568 indicatum,
948 1543 1006 1571 quo
1030 1534 1093 1561 loco
1118 1537 1196 1561 esset
1212 1532 1412 1561 inserendum.
1449 1533 1511 1562 Hoc
1527 1534 1654 1571 repperit
1672 1533 1801 1562 Bezzen-

104 1590 257 1628 bergerus.
303 1590 350 1619 XV
369 1590 418 1625 53,
440 1591 475 1620 18
499 1591 634 1620 librarius
659 1591 688 1620 in
714 1595 794 1620 textu
818 1590 935 1629 scripsit
958 1594 1007 1618 aut
1031 1588 1127 1617 Inane.
1152 1593 1202 1617 aut
1224 1597 1299 1626 spem
1327 1593 1354 1618 et
1379 1589 1408 1617 in
1434 1590 1564 1627 margine
1588 1589 1741 1627 adscripsit
1766 1589 1799 1618 ah

103 1647 140 1675 ad
163 1647 332 1684 litterasque
356 1646 405 1680 ali,
435 1656 507 1685 quas
531 1647 603 1676 falso
627 1657 657 1676 se
681 1647 868 1685 adscripsisse
892 1646 1087 1677 intellexerat,
1119 1644 1232 1672 duabus
1256 1643 1370 1672 lineolis
1394 1645 1508 1673 delevit.
1554 1646 1600 1673 Sic
1624 1646 1714 1673 codex
1738 1645 1800 1683 ipse

107 1702 252 1731 Pichenae
279 1703 515 1731 emendationem
540 1703 596 1731 iam
621 1703 733 1741 pridem
757 1702 896 1731 omnibus
920 1702 1071 1740 probatam
1089 1705 1139 1728 aut
1153 1701 1265 1728 inanem
1284 1699 1320 1728 ad
1334 1709 1410 1738 spem
1427 1701 1589 1729 confirmat.
1616 1700 1677 1728 Xlll
1695 1700 1743 1730 34.
1764 1701 1795 1728 ll

105 1758 134 1786 in
159 1763 239 1787 textu
264 1758 399 1787 librarius
423 1758 521 1796 posuit
544 1758 694 1795 tyridatem
716 1759 790 1795 (non
815 1759 966 1792 tiridatem,
991 1762 1022 1785 nt
1046 1757 1128 1785 aiunt
1153 1756 1182 1783 B.
1207 1760 1233 1784 et
1252 1755 1309 1792 st).
1333 1760 1362 1784 at
1385 1756 1415 1784 in
1441 1757 1569 1794 margine
1594 1756 1747 1794 adscripsit
1771 1758 1799 1785 ti.

103 1814 165 1842 xlv
185 1814 231 1846 15,
254 1815 287 1842 18
316 1814 344 1842 in
373 1818 454 1842 textu
485 1819 528 1843 est
557 1820 659 1852 auyust
682 1820 826 1843 latiorum.
871 1813 1064 1852 Nipperdeins
1094 1816 1173 1840 recte
1196 1813 1446 1850 Augustianorwn.
1492 1812 1519 1840 ld
1545 1812 1639 1850 ipsum
1666 1812 1799 1840 librarius

105 1869 176 1897 milii
201 1869 314 1898 videtur
337 1869 480 1898 indicasse
503 1870 651 1908 adscripto
675 1870 704 1898 in
731 1870 862 1907 margine
885 1871 916 1901 si,
941 1868 1018 1906 quod
1044 1867 1168 1896 debebat
1191 1877 1255 1895 esse
1279 1872 1328 1896 ant
1349 1869 1387 1897 sti
1407 1872 1457 1896 aut
1480 1870 1509 1896 ti.
1556 1867 1604 1896 Xll
1622 1868 1670 1903 41»,
1688 1869 1706 1895 (ὅ
1732 1867 1799 1897 haec

104 1925 212 1963 scripta
236 1930 305 1954 sunt
329 1925 359 1953 in
384 1925 498 1954 codice:
522 1931 553 1954 ut
577 1927 668 1954 maior
690 1925 753 1954 laus
769 1926 919 1963 compositi.
938 1923 982 1952 vel
1003 1925 1028 1952 si
1042 1923 1220 1952 duravissent
1237 1925 1321 1952 venia
1336 1925 1437 1953 iustior
1453 1924 1632 1952 tribueretur.
1672 1923 1799 1951 llalmius

103 1980 162 2009 Jac.
187 1980 324 2009 Gronovii
355 1981 519 2018 exemplum
549 1986 666 2010 secutus
695 1982 841 2018 compositi
861 1985 962 2010 tuetur
983 1980 1068 2018 eique
1091 1979 1294 2008 assentiuntur
1318 1979 1471 2009 Muellerus
1497 1986 1522 2009 el
1551 1980 1725 2012 ΙἸιιίιιι-ιιιες
1754 1979 1799 2008 alii

105 2036 194 2074 Lipsii
226 2036 480 2071 emendationem,
511 2037 559 2075 qui
592 2038 749 2073 compositis
776 2036 896 2075 scripsit
926 2036 1061 2074 probant.
1118 2035 1148 2063 ld
1179 2035 1254 2063 bene
1284 2035 1493 2074 interpretatus
1523 2041 1566 2063 est
1596 2035 1798 2073 Nipperdeius.

104 2093 187 2121 Hanc
210 2092 425 2120 dissensionem
451 2092 560 2121 dirimit
583 2092 674 2121 codex
698 2092 769 2129 ipse,
792 2092 822 2121 ιιι
847 2092 928 2121 cuius
953 2091 1082 2129 margine
1107 2090 1174 2120 liuic
1199 2091 1292 2119 versui
1318 2091 1420 2120 eadem
1447 2100 1549 2120 manus
1575 2090 1726 2128 adscripsit
1748 2096 1797 2121 set,

104 2148 181 2185 quod
212 2147 243 2176 in
272 2147 367 2176 locum
400 2147 558 2185 particulae
585 2147 630 2176 vel
657 2148 898 2176 substituendum
927 2147 990 2176 erit.
1040 2147 1088 2175 Sic
1115 2146 1185 2175 haec
1213 2147 1345 2175 exoritur
1372 2147 1529 2185 scriptura:
1561 2152 1590 2175 ut
1622 2147 1712 2174 mcn'or
1735 2146 1800 2174 laus

104 2205 262 2241 compositis
283 2208 322 2235 et,
345 2204 371 2231 si
392 2203 583 2236 duravissent,
608 2205 688 2232 venia
711 2205 810 2232 iustior
833 2203 1012 2232 tribueretur.
1058 2202 1164 2231 Verum
1189 2202 1290 2239 igitur,
1319 2202 1394 2231 sicut
1417 2213 1520 2241 saepe,
1545 2203 1581 2231 ita
1606 2203 1659 2230 lioc
1683 2211 1799 2239 quoque

104 2260 166 2287 loco
191 2258 260 2287 vidit
282 2258 412 2297 LipsiuS,
442 2264 584 2296 quantum
617 2259 712 2287 videre
741 2258 851 2296 potuit:
881 2268 946 2287 nam
977 2258 1020 2287 vel
1047 2257 1116 2286 illud
1147 2257 1216 2285 nihil
1247 2257 1333 2287 habet
1364 2260 1441 2296 quod
1473 2258 1634 2296 displiceat,
1665 2267 1694 2285 ea
1719 2257 1797 2286 enim

105 2314 244 2352 particula
268 2313 385 2343 Tacitus
408 2314 438 2342 in
463 2314 549 2343 simili
572 2314 716 2343 sententia
743 2314 834 2342 utitur
858 2313 918 2342 xlv
936 2313 985 2348 23,
1002 2314 1020 2342 3
1052 2312 1260 2351 szranocerta,
1293 2313 1393 2351 quibus
1422 2316 1524 2343 excisis
1551 2318 1655 2342 melum
1677 2312 1798 2343 hostium

104 2370 259 2399 intenderet
283 2369 334 2402 vel,
359 2371 384 2397 si
403 2371 576 2407 pepercisset,
601 2370 760 2399 clementiae
781 2369 891 2407 famam
914 2369 1124 2406 adipisceretur.

246 2424 342 2453 Multis
366 2434 453 2463 saepe
479 2426 622 2455 vocabulis
646 2426 674 2454 in
691 2425 819 2454 Mediceo
843 2426 935 2454 altero
960 2434 1113 2462 perperam
1138 2424 1167 2452 in
1191 2424 1248 2453 line
1265 2424 1373 2454 adnexa
1391 2430 1434 2453 est
1455 2434 1468 2453 s
1489 2424 1592 2452 littera.
1632 2422 1760 2455 x11132.
1782 2426 1793 2452 l

105 2474 247 2518 scriptu'm
272 2485 318 2508 est
340 2481 509 2514 securatam,
539 2480 589 2515 43,
608 2481 645 2510 18
670 2481 790 2518 adeptiS,
815 2480 864 2514 51,
885 2482 895 2508 1
927 2480 1061 2518 publicis,
1094 2479 1154 2508 xlv
1172 2480 1221 2513 61,
1239 2480 1278 2508 20
1302 2482 1429 2519 eyyptiis,
1461 2479 1508 2507 XV
1528 2480 1575 2512 lo,
1592 2479 1631 2507 20
1659 2479 1796 2512 subsidiis,

106 2535 154 2568 46,
173 2535 191 2564 8
215 2537 374 2568 saevientes,
398 2535 448 2570 63,
469 2535 503 2564 13
528 2536 652 2575 effuyias,
677 2537 726 2570 64,
743 2536 761 2564 5
783 2541 930 2574 promptus
953 2536 1043 2573 (quod
1068 2535 1164 2564 addito
1189 2536 1363 2573 compendio
1388 2546 1414 2563 m
1438 2535 1550 2563 litterae
1567 2538 1729 2563 correctum
1753 2538 1798 2563 est

158 2589 240 2608 Askan.
255 2590 333 2613 Gynm.
347 2591 407 2611 13⁹2.
1586 2596 1601 2618 b*
