2060 2891
844 186 1055 217 —15-

102 282 242 311 remittere
270 281 365 310 corr.“
415 277 524 308 Neuter
558 285 632 311 vere,
667 286 842 316 quamquam
878 276 992 315 longius
1026 285 1040 305 a
1077 284 1142 305 vero
1178 273 1321 304 aberravit
1348 273 1484 307 Ritterus,
1520 282 1586 303 eum
1620 271 1790 310 corrigendo

102 339 242 367 remittere
265 337 398 366 effectum
423 344 487 364 esse
511 334 635 368 diceret‚·
669 333 791 371 simplex
820 333 895 362 enim
927 337 971 362 est
998 331 1104 361 codicis
1133 331 1277 369 scriptura
1305 339 1400 370 neque
1429 330 1586 369 quidquam
1615 333 1790 359 correctum.

104 393 252 432 Scriptum
275 397 373 422 autem
398 394 442 420 est
465 399 523 420 non
551 391 735 429 peremittere,
764 389 814 418 sed
841 391 1042 428 percemittere,
1072 388 1109 417 ita
1140 392 1245 421 tamen,
1280 390 1312 416 ut
1340 396 1353 416 c
1380 387 1495 417 litterae
1522 385 1643 415 inferior
1678 389 1791 414 tantum

104 459 170 489 pars
193 454 278 479 extet.
324 448 417 477 Huius
451 448 612 486 scripturae
647 455 706 476 non
741 446 824 476 aliam
855 446 1076 485 explicationem
1105 444 1212 479 inveni,
1248 452 1335 482 quam
1370 449 1402 473 ut
1435 442 1596 477 librarium,
1631 450 1696 471 cum
1734 449 1794 470 nou

104 505 281 544 scripsisset,
305 505 415 534 omisso
439 513 490 543 per
514 513 643 533 errorem
668 503 755 532 verbo
779 505 919 533 remittere
943 502 1072 532 scribere
1093 503 1254 541 percussori
1268 499 1397 538 coepisse
1416 499 1579 528 conicercm
1597 502 1625 527 et
1641 501 1791 537 perspecto

104 570 202 592 errore
226 570 291 590 cum
315 561 346 590 in
370 560 462 590 media
493 570 506 590 c
533 560 628 589 littera
658 559 845 594 substitisset,
880 559 1070 598 adscripsisse
1100 558 1219 587 verbum
1248 556 1327 591 illud,
1362 555 1400 584 ita
1434 559 1542 590 tamen,
1577 560 1609 584 ut
1643 559 1672 583 et
1705 552 1791 582 verbo

105 618 227 657 primam
252 617 377 646 litteram
403 617 569 646 detraheret
593 621 621 646 et
643 616 722 655 quod
747 625 799 655 per
822 625 952 645 errorem
983 615 1148 653 scripserat,
1180 614 1368 652 relinqueret.
1416 611 1493 640 Ilaec
1521 611 1602 649 origo
1634 609 1795 648 scripturae

105 674 209 704 codicis
233 673 366 712 quamvis
390 673 570 702 incredibilis
594 682 656 702 esse
681 672 818 705 videatur,
833 672 940 711 aliquid
965 677 1060 701 tamen
1078 669 1338 700 commendationis
1356 678 1389 697 ex
1406 667 1595 697 similitudine
1611 666 1672 696 eius
1688 664 1795 695 erroris

104 730 204 765 trahit,
227 739 284 768 quo
308 729 428 759 Medicei
452 729 537 768 primi
568 728 714 767 scriptura
739 728 839 763 V144,
860 727 896 757 19
925 728 1079 767 depravata
1111 732 1163 756 est.
1211 726 1250 755 lbi
1280 725 1359 755 enim
1389 725 1419 754 Β.
1448 728 1476 753 et
1505 723 1535 752 R.
1564 731 1617 761 pro
1645 723 1675 751 in
1703 726 1797 750 castra

105 786 245 825 scriptum
271 795 334 815 esse
357 787 387 815 in
409 787 515 815 frastra
538 785 648 815 dicunt.
692 785 729 815 At
753 785 864 814 nullum
888 789 931 814 est
954 794 969 814 r
992 789 1058 824 post
1081 786 1099 817 i,
1120 784 1169 813 sed
1187 787 1288 821 coepta
1304 792 1323 812 n
1339 782 1441 811 littera.
1489 780 1631 809 Nimirum
1652 777 1795 812 librarius,

105 851 171 872 cum
196 851 247 881 per
271 850 401 871 errorem
425 843 455 870 in
477 841 584 870 iterum
609 840 736 870 scribere
759 841 913 880 coepisset,
938 841 966 870 in
992 840 1084 870 media
1107 850 1127 869 n
1143 840 1238 869 littera
1256 837 1393 871 substitit,
1417 846 1491 876 quae
1508 836 1615 866 iteruin
1633 834 1796 873 scripserat,

105 907 165 928 non
189 898 303 932 delevit,
327 896 496 927 vocabulum
521 902 613 927 castra
635 897 729 936 prima
752 897 845 926 littera
870 897 1003 926 orbatum
1028 896 1189 935 adscripsit.

248 953 310 983 xvi
330 954 376 989 15,
392 954 409 982 5
434 958 503 983 sunt
526 953 574 992 qui
598 955 705 992 ingenti
726 962 840 992 corpore
865 953 1000 987 scribant,
1025 953 1070 982 alii
1094 953 1199 990 ingenti
1220 952 1343 990 corporis
1365 950 1475 984 robore,
1500 958 1600 979 rursus
1625 948 1671 978 alii
1694 949 1800 986 inqenti

107 1011 137 1040 vi
158 1012 282 1049 corporis
299 1010 479 1045 maluerunt,
502 1010 632 1040 Ritterus
648 1011 744 1048 ingens
760 1012 893 1048 corporis,
919 1009 1082 1039 Pfitznerus
1099 1010 1206 1047 ingenti
1220 1008 1319 1037 robore
1336 1008 1460 1045 corporis
1475 1005 1600 1044 scripsit.
1636 1004 1797 1034 Mediceum

108 1066 215 1096 habere
238 1068 344 1105 ingenti
365 1068 489 1105 corporis
511 1068 637 1105 corporis
660 1075 808 1096 consensu
832 1068 966 1096 referunt
990 1066 1028 1095 ita
1054 1071 1085 1094 ut
1116 1065 1196 1103 prior
1225 1063 1376 1102 genetivus
1406 1063 1437 1092 in
1465 1062 1523 1091 fine
1554 1071 1653 1090 versus
1684 1060 1797 1099 positus

109 1122 155 1152 sit.
201 1123 241 1152 Ac
263 1127 352 1156 recte,
387 1122 442 1151 nisi
467 1122 545 1161 quod
570 1131 656 1151 nemo
681 1122 752 1151 dixit
775 1122 917 1161 primum:
953 1121 1079 1161 priorem
1105 1121 1185 1150 illum
1209 1119 1375 1159 genetivum
1400 1128 1515 1148 erasum
1540 1128 1612 1152 esse,
1637 1117 1673 1146 ita
1698 1121 1798 1146 tamen

107 1183 140 1208 ut
164 1186 267 1207 omnes
291 1177 412 1211 litterae,
438 1178 492 1207 etsi
517 1178 635 1216 pallent,
659 1182 826 1217 appareant,
851 1177 970 1207 deinde:
995 1177 1024 1206 in
1049 1177 1106 1206 fine
1130 1177 1193 1206 eius
1217 1176 1308 1216 ipsius
1333 1175 1462 1205 vocabuli
1480 1175 1583 1204 lineola
1598 1174 1718 1202 deletam
1736 1182 1798 1201 esse

107 1245 120 1264 s
142 1234 268 1264 litteram
293 1244 325 1263 ac
349 1243 436 1273 supra
459 1236 471 1264 i
491 1234 632 1273 scriptum
659 1244 722 1264 esse
745 1244 767 1268 e,
803 1235 879 1273 quod
909 1234 1027 1272 quidem
1058 1243 1118 1263 non
1148 1233 1242 1262 miuus
1273 1232 1368 1272 pallet,
1403 1241 1488 1270 quam
1520 1230 1647 1269 reliquae
1675 1230 1797 1258 litterae.

109 1290 158 1320 His
181 1290 306 1328 vestigiis
335 1292 425 1320 fretus
453 1292 560 1329 iuyentz'
585 1299 700 1329 corpore
728 1291 942 1320 restituendum
980 1300 1044 1319 esse
1078 1299 1130 1329 pro
1165 1294 1245 1318 certo
1280 1288 1416 1318 haberem
1450 1304 1491 1308 —-
1524 1296 1590 1316 nam
1615 1286 1732 1316 Tacitus
1767 1290 1799 1314 ut

110 1346 143 1376 H.
169 1346 179 1376 1
195 1345 244 1380 53,
263 1346 290 1375 2.
314 1346 390 1375 Anu.
415 1346 479 1376 xlll
496 1346 524 1380 8,
546 1347 590 1376 17.
614 1347 663 1376 XV
681 1347 729 1381 53,
748 1348 764 1375 7
781 1356 894 1386 corpore
911 1349 1006 1385 inpetis
1021 1346 1145 1385 scripsit,
1170 1345 1270 1384 quidni
1287 1344 1435 1383 scripserit
1452 1343 1538 1373 etiam
1555 1344 1660 1381 inperiti
1674 1350 1798 1380 corpore,

110 1402 186 1432 sicut
208 1411 267 1432 non
291 1403 386 1431 solum
411 1412 526 1442 corpore
549 1404 662 1433 validus
686 1403 718 1433 ll.
743 1403 753 1432 1
771 1403 820 1437 57,
840 1404 886 1432 10.
910 1403 985 1432 Anu.
1009 1402 1112 1435 11132,
1130 1403 1147 1431 3
1172 1408 1201 1432 et
1223 1401 1368 1431 invalidus
1390 1409 1503 1439 corpore
1528 1400 1560 1428 ll.
1579 1399 1612 1428 IV
1630 1398 1679 1430 24,
1696 1399 1724 1432 5,
1747 1397 1797 1427 sed

111 1458 197 1487 etiam
222 1467 337 1498 corpore
359 1459 453 1489 valido
476 1460 549 1488 Ann.
568 1459 602 1488 VI
620 1460 669 1495 21,
687 1459 703 1488 3
727 1458 866 1498 scripsit?
890 1476 930 1480 —-—
955 1459 1010 1488 nisi
1028 1459 1135 1488 mirum
1154 1463 1230 1487 esset
1246 1457 1322 1496 quod
1339 1457 1475 1486 librarius
1491 1456 1567 1485 illam
1585 1454 1797 1485 correctionem

110 1515 135 1544 ei
159 1515 256 1554 potius
281 1515 419 1545 vocabulo
443 1516 583 1555 imposuit
606 1517 683 1555 quod
709 1525 774 1545 mox
799 1515 904 1545 delevit
928 1525 1014 1554 quam
1039 1515 1064 1545 ei
1089 1515 1167 1554 qnod
1192 1514 1317 1553 reliquit.
1362 1513 1402 1542 Ac
1429 1517 1528 1542 tamen
1552 1512 1621 1541 haec
1645 1511 1798 1540 difficultas

112 1571 209 1600 minor
233 1575 285 1605 est,
320 1581 406 1610 quam
431 1581 487 1611 qua
510 1572 735 1612 implicabimur,
768 1572 791 1602 si
816 1582 848 1601 ea
872 1582 946 1611 qnae
970 1572 998 1601 in
1023 1572 1122 1601 codice
1145 1575 1214 1600 sunt
1238 1580 1269 1600 ex
1295 1569 1389 1599 verbis
1411 1571 1517 1608 inqenti
1538 1568 1637 1598 robore
1665 1568 1797 1605 corporis,

115 1632 146 1656 ut
162 1631 205 1657 est
221 1627 295 1666 apud
313 1627 503 1662 Plitznernm,
527 1628 680 1667 depravata
705 1638 769 1658 esse
786 1628 999 1658 coniecerimus
1016 1628 1092 1666 (coll.
1108 1627 1204 1657 Ann.l
1223 1627 1250 1660 3,
1265 1626 1313 1655 20.
1338 1625 1386 1655 XV
1399 1625 1448 1660 66,
1462 1625 1509 1661 9),
1525 1625 1634 1662 reliqua
1653 1623 1797 1653 editorum

113 1683 230 1713 inventa
255 1693 269 1712 a
294 1683 400 1713 codicis
424 1684 552 1722 vestigiis
576 1684 661 1714 etiam
685 1685 800 1723 longius
824 1685 988 1714 discedunt.

255 1739 316 1768 xvt
333 1740 382 1775 22,
403 1740 438 1770 16
459 1749 611 1779 prosperas
631 1743 768 1780 principis
789 1750 834 1771 res
856 1744 970 1781 spernit.
1018 1741 1064 1770 Sic
1088 1741 1184 1779 vnlg0;
1220 1739 1365 1778 resperm't,
1393 1747 1454 1768 non
1477 1746 1522 1767 res
1544 1739 1648 1776 spernit
1672 1736 1701 1765 in
1725 1734 1798 1764 libro

112 1795 240 1825 Mediceo
264 1796 406 1835 scriptum
431 1806 495 1826 esse
519 1797 550 1826 Β.
575 1802 604 1827 et
627 1798 660 1827 R.
689 1798 839 1833 viderunt,
869 1807 1016 1836 prospera,
1041 1806 1099 1826 non
1120 1805 1272 1836 prosperas
1303 1795 1444 1833 scriptum
1473 1803 1538 1823 esse
1568 1802 1626 1822 non
1655 1791 1799 1821 viderunt.

112 1852 207 1890 Atque
232 1852 397 1882 credibilius
421 1862 484 1882 esse
508 1853 660 1892 scripsisse
677 1854 810 1884 Tacitum
830 1864 970 1894 prospera
990 1856 1135 1893 principis,
1161 1863 1246 1892 quam
1269 1861 1419 1891 prosperas
1438 1852 1575 1891 principis
1603 1859 1648 1879 res
1669 1849 1799 1888 exempla

113 1908 228 1938 docent.
275 1908 346 1937 Nam
370 1913 402 1938 ut
425 1909 504 1939 nullo
528 1910 667 1940 adiuncto
691 1910 835 1948 genetivo,
859 1915 891 1940 ut
914 1910 985 1939 nihil
1009 1910 1101 1939 dicam
1125 1910 1160 1939 de
1183 1909 1287 1939 ceteris
1305 1908 1428 1943 casibus,
1453 1909 1539 1938 etiam
1559 1905 1754 1936 nominativos
1771 1909 1800 1934 et

114 1963 291 1994 accusativos
317 1964 369 1993 hos
393 1965 504 2004 posuit:
533 1967 681 2001 secundae,
709 1975 868 2005 prosperae,
898 1966 1034 1996 adversae
1057 1975 1111 2001 res,
1142 1975 1188 1995 res
1210 1965 1355 1999 aduersae,
1385 1965 1518 1995 adversas
1540 1973 1585 1993 res
1607 1962 1686 2000 (Agr.
1704 1960 1752 1995 32,
1771 1961 1799 1990 4.

114 2020 148 2049 H.
166 2019 177 2048 1
199 2020 242 2054 15,
260 2019 309 2048 20.
344 2018 371 2054 2,
388 2020 416 2049 4.
449 2021 495 2057 lv,
512 2022 562 2056 37,
580 2023 608 2051 5.
644 2025 718 2052 Anu.
736 2022 773 2051 xl
791 2022 839 2057 32,
857 2023 883 2052 7.
919 2022 953 2051 H.
970 2022 981 2051 1
999 2022 1046 2057 29,
1067 2023 1127 2060 14),
1151 2023 1189 2051 ita
1214 2022 1350 2051 adiuncto
1379 2021 1521 2060 genetivo,
1557 2019 1606 2048 ubi
1630 2023 1679 2047 aut
1703 2017 1800 2046 nomi-

114 2075 210 2105 nativo
232 2080 282 2105 aut
304 2076 466 2106 accusativo
490 2088 562 2117 opus
587 2084 657 2113 erat,
682 2078 759 2108 nuda
776 2079 915 2109 adiectiva
933 2083 1100 2108 constanter
1116 2078 1260 2117 praetulit.
1297 2078 1396 2116 ltaque
1412 2082 1444 2106 ut
1460 2077 1495 2106 H.
1514 2076 1535 2105 ll
1553 2075 1601 2110 97,
1619 2074 1635 2103 7
1657 2075 1800 2113 prosperis

121 2134 224 2164 Vitellii
244 2135 326 2164 rebus
349 2139 378 2164 et
401 2136 474 2164 Ann.
492 2135 538 2164 XV
556 2134 604 2170 29,
621 2135 640 2163 4
664 2144 720 2164 uon
743 2134 867 2164 adversis
884 2134 1053 2164 Parthormn
1075 2135 1167 2169 rebus,
1193 2134 1231 2163 ita
1255 2134 1288 2163 H.
1306 2133 1406 2168 11‚64‚
1427 2133 1461 2162 13
1486 2132 1584 2162 (lomus
1607 2139 1673 2160 suae
1689 2134 1799 2159 tantum

116 2191 237 2221 adversa
259 2192 352 2223 sensit,
376 2190 450 2220 Ann-
469 2190 478 2219 1
498 2191 523 2225 1,
540 2190 557 2220 8
582 2193 680 2220 veteris
700 2190 800 2229 populi
820 2190 943 2220 Romani
960 2200 1096 2230 prospera
1120 2190 1163 2220 vel
1178 2190 1306 2222 adversa,
1330 2190 1367 2219 lll
1386 2190 1434 2225 24,
1454 2190 1467 2217 1
1486 2189 1648 2218 inlustrimn
1665 2186 1801 2215 domuum

116 2247 247 2282 adversa,
270 2246 331 2275 xlv
350 2246 399 2279 38,
418 2246 455 2275 16
471 2246 611 2279 Suetonio,
635 2249 714 2276 cuius
733 2247 852 2276 adversa
871 2249 1010 2286 pravitati
1030 2249 1126 2286 ipsius,
1148 2255 1284 2285 prospera
1301 2246 1338 2275 ad
1353 2246 1502 2284 fortunam
1516 2243 1656 2282 referebat
1673 2241 1800 2280 scripsit,

117 2303 224 2341 quibus
248 2303 387 2342 exemplis
411 2303 553 2332 accedunt
575 2304 659 2333 haec:
683 2305 748 2340 Agr.
766 2304 814 2336 25,
832 2303 850 2333 9
873 2309 1066 2342 tempestatum
1089 2313 1121 2332 ac
1142 2304 1283 2340 fluctuum
1306 2302 1435 2335 adversa,
1464 2301 1498 2330 H.
1516 2301 1524 2329 l
1543 2298 1591 2333 89,
1609 2298 1626 2327 ὃ
1649 2300 1726 2336 pacis
1747 2297 1801 2326 ad-

116 2367 205 2392 versa,
229 2359 304 2387 Ann.
322 2358 411 2393 1126,
430 2358 446 2387 2
471 2358 589 2389 adversa
611 2361 709 2393 maris,
737 2359 786 2390 69.
809 2359 842 2388 16
866 2360 1037 2389 valetudinis
1061 2359 1181 2389 adversa
1208 2363 1236 2388 et
1259 2359 1291 2387 H.
1310 2358 1344 2387 lV
1361 2357 1410 2392 52,
1429 2357 1445 2386 S
1467 2354 1650 2395 principibus,
1679 2362 1800 2393 quorum

113 2416 257 2454 prosperis
279 2420 303 2444 et
326 2415 377 2445 alii
397 2416 545 2453 fruantur,
571 2416 692 2445 (iclversa
715 2416 750 2444 ad
773 2417 957 2445 iunctissimos
977 2417 1146 2454 pertineant,
1175 2416 1249 2444 Ann.
1268 2414 1317 2444 Xll
1340 2414 1383 2447 14,
1401 2413 1439 2442 20
1467 2411 1549 2441 nulla
1576 2410 1638 2439 kuic
1663 2419 1801 2449 prospera

117 2477 166 2500 aut
189 2471 317 2500 adversa.
353 2471 425 2500 Hinc
448 2471 496 2500 illo
520 2480 637 2510 quoque
661 2472 723 2501 loco
747 2472 880 2501 'saeuum
901 2480 1038 2510 prospera
1059 2473 1195 2510 principis
1219 2471 1369 2509 scripsisse
1392 2478 1484 2508 paene
1508 2472 1619 2496 certum
1644 2471 1698 2495 est.
1743 2466 1799 2496 Sed

117 2527 185 2565 quid
216 2526 302 2555 verbo
326 2526 374 2555 illo
404 2529 542 2565 respernit
568 2526 642 2557 fiet?
688 2527 763 2556 Num
792 2527 928 2557 audacter
958 2528 1084 2556 tollenda
1117 2527 1209 2566 prima
1241 2524 1370 2565 syllaba?
1416 2524 1479 2553 'Non
1514 2523 1652 2557 tollenda,
1687 2523 1736 2552 sed
1770 2522 1800 2551 in

118 2582 248 2612 vicinum
272 2583 366 2612 locum
392 2582 601 2612 transferenda.
646 2583 744 2612 Tertio
762 2583 838 2612 enim
856 2593 941 2613 versu
961 2589 1025 2622 post
1041 2583 1174 2612 librarius
1191 2583 1307 2621 scripsit
1323 2582 1426 2620 spernit
1444 2579 1571 2618 legiones,
1596 2588 1660 2608 cum
1682 2578 1802 2608 deberet
