2060 2891
877 185 1088 214 -11-

137 273 209 302 dixit
233 272 363 301 Tacitum
393 271 544 310 scripsisse
574 280 675 303 nemo,
708 276 740 300 ut
769 272 887 310 opinor,
917 272 1061 305 coniciet).
1108 272 1166 310 Ego
1190 282 1255 302 cum
1282 273 1404 303 multum
1431 274 1636 313 quaesivissem
1662 274 1827 313 multosque

137 329 216 358 locos
240 337 469 367 comparassem,
492 333 517 357 et
540 327 628 357 ediscit
650 327 874 366 praeferendum
900 338 962 357 esse
988 328 1056 357 milii
1081 329 1222 367 persuasi.
1270 329 1340 358 Nam
1365 329 1482 360 'l'acitus
1507 339 1595 369 pauca
1619 329 1673 363 illa,
1704 338 1778 368 quae
1802 330 1826 358 ei

136 393 213 414 anno
236 393 263 423 p.
281 384 347 413 Chr.
364 384 403 412 57
427 383 511 421 digna
538 383 678 412 memoria
705 384 835 412 evenisse
860 383 917 412 visa
943 388 1020 419 sunt,
1046 385 1157 413 modice
1181 385 1332 424 perstricta
1356 386 1386 414 (2.
1406 385 1488 415 Plinii
1513 386 1661 424 diligentia
1684 386 1827 425 capitibus

137 439 260 470 31—33
284 440 322 469 ita
346 439 501 475 enarravit,
527 444 558 469 ut
583 440 614 469 in
636 439 722 469 initio
738 445 859 479 poneret
878 450 919 473 ea,
945 450 1018 479 qnae
1034 441 1067 470 ad
1085 450 1146 470 rem
1163 440 1307 480 publicam
1326 442 1517 480 pertinerent,
1541 443 1641 481 eisque
1657 442 1829 481 adiungeret

139 501 288 527 certorum
312 495 497 534 quorundam
522 495 676 525 bominum
701 505 794 526 casus,
840 496 949 526 Harum
975 497 1102 536 partium
1127 497 1207 536 prior
1230 498 1358 536 pertinet
1381 507 1474 537 usque
1497 499 1530 528 ad
1550 500 1705 538 penderent
1728 498 1776 532 32.
1800 499 1827 533 4,

136 557 223 590 atque
251 552 281 581 in
307 551 364 582 hoc
391 551 520 581 confinio
552 551 704 590 utriusque
732 553 823 591 partis
853 553 932 582 omni
964 553 1078 583 vinculo
1109 554 1248 583 orationis
1281 553 1422 584 abstinuit
1445 555 1585 594 scriptor,
1613 555 1735 595 reliquis
1758 555 1828 585 locis

137 607 274 637 omnibus
304 617 352 638 eas
381 617 443 642 res,
473 617 546 647 quas
579 608 736 638 memoriae
764 608 904 647 prodidit,
936 610 1019 638 variis
1047 609 1169 639 nexibus
1198 610 1273 639 inter
1301 620 1332 639 se
1360 611 1504 649 copulavit
1529 611 1612 649 (nam
1637 612 1722 642 etiam
1746 611 1828 642 initio

137 664 239 704 capitis
257 663 295 695 33
319 665 476 694 continuus
499 674 596 695 sermo
620 665 688 703 est),
712 670 832 704 excepto
856 665 904 694 illo
928 666 1000 700 loco,
1024 666 1059 695 de
1076 675 1133 705 quo
1152 666 1274 705 agimus,
1298 666 1321 696 si
1340 668 1486 705 vulgarem
1505 668 1677 707 scripturam
1695 677 1828 707 sequare.

135 720 211 751 Haec
238 731 322 751 causa
352 726 410 757 est,
441 730 493 751 cur
522 727 548 751 et
570 722 659 751 edilvit
682 724 853 760 praeferam.
902 722 957 750 nes
983 722 1122 761 exemplis
1147 722 1325 752 conficienda
1350 727 1403 752 est.
1450 723 1527 753 Libri
1551 723 1602 753 XII
1626 734 1686 763 cap.
1705 723 1828 753 22-24

135 777 241 807 seriem
265 787 381 809 eorum.
406 787 480 817 quae
503 787 528 807 a.
553 777 592 806 49
616 782 694 816 gesta
720 782 797 812 sunt,
831 777 979 807 minorum
1005 778 1186 816 quarundam
1210 788 1310 808 rerum
1335 779 1520 809 enarratione
1543 779 1673 810 absolvit.
1718 781 1827 810 Harum

133 837 194 863 tres
219 839 288 864 sunt
310 839 407 873 partes
431 837 519 873 atque
542 833 571 863 in
596 834 729 863 contiuiis
754 843 852 863 earum
878 834 1029 873 asyndeta,
1053 834 1134 873 prius
1158 840 1225 874 post
1242 834 1376 873 Bithynis,
1401 836 1547 874 posterius
1569 841 1633 875 post
1650 837 1752 872 addz'ti'3
1777 839 1828 868 sed

133 890 210 919 intra
235 898 282 919 eas
306 894 405 929 partes
429 899 476 919 res
500 889 651 919 coniunxit
673 890 760 928 idque
778 890 820 919 bis
838 890 932 919 effecit
950 890 1048 919 eadem
1067 891 1110 920 illa
1128 891 1266 929 particula
1283 897 1309 921 et
1332 894 1368 928 (et
1385 890 1540 931 Calpurnia
1555 910 1595 913 —
1612 898 1636 923 et
1648 897 1828 933 pomerium),

137 955 192 985 qua
217 945 260 975 bis
284 946 369 975 etiam
395 956 428 975 eo
453 945 481 975 in
506 955 564 985 quo
588 955 740 975 versamur
763 947 826 976 loco
850 956 920 976 usus
945 952 990 977 est
1014 948 1049 981 (et
1073 946 1160 976 edixit
1182 964 1222 967 —
1246 953 1270 977 et
1286 947 1439 986 Pomponia
1457 947 1616 985 Graecina).
1655 949 1762 980 Eadem
1788 952 1829 981 vis

134 1002 219 1031 huius
239 1002 396 1041 particulae.
414 1007 458 1031 est
480 1001 505 1031 ΙΙ
523 1001 571 1035 36.
594 1002 603 1030 1
625 1007 649 1031 el
666 1007 806 1032 certamen
825 1001 906 1032 Gallo
922 1003 1058 1032 adversus
1077 1002 1225 1032 Caesarem
1243 1009 1374 1034 emortum
1389 1010 1437 1034 est.
1477 1004 1512 1033 ΙΙΙ
1531 1004 1579 1040 37,
1601 1006 1611 1034 1
1638 1011 1663 1035 et
1681 1006 1829 1038 Considius

133 1058 253 1097 Aequus.
301 1058 350 1092 76,
370 1059 381 1087 1
409 1063 434 1088 et
457 1057 555 1087 Junia.
602 1057 637 1087 lv
658 1058 703 1092 13,
720 1059 738 1087 5
763 1063 788 1088 et
817 1058 912 1088 Vibius
935 1058 1068 1088 Serenus.
1116 1059 1215 1093 5'140,
1237 1060 1273 1088 14
1297 1066 1321 1090 et
1344 1059 1461 1090 Aemilia
1485 1060 1595 1100 Lepida.
1642 1062 1704 1092 XIII
1721 1063 1770 1098 28,
1791 1063 1827 1093 13

134 1120 158 1145 et
188 1113 335 1144 Helvidius
366 1114 492 1149 Priscus,
528 1115 572 1144 cui
609 1114 671 1144 loco
704 1115 729 1144 J.
760 1114 806 1144 Fr.
842 1115 1006 1144 Gronovius
1041 1119 1120 1144 recte
1156 1116 1277 1145 eandem
1313 1117 1483 1155 particulam
1519 1118 1663 1153 restituit3
1697 1128 1764 1149 nam
1798 1119 1827 1149 in

135 1171 234 1201 codice
257 1175 301 1200 est
323 1179 364 1200 eo.

276 1227 331 1257 Sed
356 1227 391 1256 de
415 1227 469 1256 hac
493 1226 630 1265 particula
655 1227 685 1256 in
707 1226 797 1257 initiis
815 1227 1035 1257 enuntiatorum
1055 1228 1147 1266 posita
1165 1227 1326 1266 disputanti
1344 1229 1412 1258 mihi
1432 1230 1553 1259 venitin
1571 1235 1697 1261 mentem
1715 1241 1827 1266 eorum,

134 1283 239 1322 quibus
256 1283 388 1322 Poppaea
412 1283 474 1312 XIV
490 1283 539 1318 61,
558 1282 596 1311 24
620 1282 765 1312 Neronem
789 1283 968 1322 adloquitur:
996 1284 1121 1322 denique,
1145 1285 1170 1313 si
1190 1284 1219 1313 id
1240 1285 1324 1314 rebus
1345 1285 1489 1319 conducat,
1514 1285 1603 1315 libens
1618 1296 1702 1326 quam
1718 1293 1828 1318 coactus

133 1341 235 1369 acciret
258 1339 401 1369 dominam
430 1339 503 1376 (scil.
528 1339 689 1375 Octaviam)
714 1340 758 1369 vel
780 1339 937 1369 consuleret
959 1341 1105 1369 securitati
1124 1341 1197 1369 iusta
1220 1340 1334 1370 ultione.
1378 1342 1412 1371 Et
1434 1342 1549 1372 modicis
1571 1344 1701 1373 remediis
1720 1347 1828 1383 primos

134 1400 226 1425 motus
249 1395 419 1425 consedisse:
455 1401 483 1425 ar
513 1398 538 1425 si
559 1396 703 1434 desperent
724 1404 843 1426 umorem
869 1396 986 1436 Neronis
1008 1396 1071 1434 fore
1096 1396 1257 1432 Octaviam,
1287 1398 1332 1427 illi
1358 1401 1492 1428 maritum
1516 1399 1637 1429 daturos.
1685 1400 1725 1430 lbi
1749 1407 1774 1431 et
1796 1402 1826 1431 in

132 1451 215 1481 initio
240 1451 385 1481 enuntiati
409 1451 561 1481 ferendum
586 1460 646 1481 non
671 1461 735 1481 esse
758 1452 853 1491 primo
878 1457 997 1491 aspectu
1030 1452 1222 1490 intellegitur,
1255 1463 1432 1493 quamquam
1462 1461 1491 1486 et
1515 1456 1605 1485 codex
1630 1462 1658 1486 et
1682 1457 1826 1487 editiones

134 1517 237 1537 omnes
261 1513 404 1546 punctum
429 1512 495 1546 post
518 1507 625 1538 ultione
648 1513 770 1547 ponunt.
817 1509 892 1546 Ergo
916 1508 1073 1538 delendum
1097 1508 1146 1539 etl)
1190 1510 1255 1539 Non
1279 1510 1392 1549 opinor,
1422 1511 1471 1541 sed
1496 1511 1534 1541 ita
1559 1512 1643 1542 verba
1667 1513 1824 1551 digerenda

134 1569 216 1593 sunt:
248 1564 292 1594 vel
320 1565 475 1594 consuleret
503 1567 659 1595 securitati.
704 1565 789 1595 Justa
817 1565 921 1594 ultione
951 1572 976 1595 et
1006 1567 1122 1596 modicis
1145 1567 1284 1597 remediis.
1330 1566 1411 1597 Justa
1435 1569 1513 1598 enim
1539 1569 1648 1599 ultione
1671 1578 1742 1599 usus
1766 1575 1827 1600 erat

133 1619 210 1650 Nero
240 1630 272 1650 ac
302 1621 414 1651 modica
442 1622 568 1651 remedia
600 1621 769 1652 adhibuerat
793 1628 855 1652 tum
880 1632 946 1653 cum
971 1633 1023 1663 per
1046 1624 1170 1654 emissos
1196 1624 1318 1653 militum
1344 1625 1443 1663 globos
1467 1626 1635 1657 verberibus
1659 1633 1687 1658 et
1711 1628 1826 1659 intento

132 1676 210 1706 ferro
233 1677 366 1707 turbatos
389 1678 525 1707 disiceret
548 1678 586 1716 (v.
611 1678 652 1716 6).

274 1733 370 1763 Etiam
395 1734 481 1763 tertio
506 1734 631 1773 quodam
658 1734 721 1764 loco
744 1741 768 1765 et
792 1736 994 1771 restituerem,
1024 1737 1079 1766 nisi
1105 1746 1234 1769 vererer,
1264 1746 1300 1765 ne
1324 1737 1459 1767 audaciae
1482 1748 1632 1777 arguerer:
1658 1740 1704 1769 XV
1721 1740 1769 1775 28,
1790 1741 1826 1770 17

133 1794 159 1818 et
175 1790 233 1818 viso
251 1788 407 1819 Corbulone
423 1798 477 1819 reas
492 1792 573 1828 prior
589 1799 657 1829 equo
673 1790 799 1826 desiluit3
823 1801 873 1821 nec
889 1797 1034 1821 cunctatus
1053 1792 1185 1826 Corbulo,
1209 1793 1263 1825 sed,
1285 1793 1368 1831 pedes
1389 1799 1512 1833 uterque,
1537 1796 1667 1826 dexteras
1683 1798 1826 1826 miscuere.

133 1845 176 1874 Ibi
203 1845 337 1875 ultimum
363 1846 504 1876 orationis
529 1846 703 1882 membrum,
728 1847 756 1876 in
782 1857 839 1886 quo
863 1848 941 1878 inest
964 1848 1054 1878 totius
1078 1849 1120 1877 rei
1145 1855 1277 1880 eventus.
1301 1850 1409 1880 rectius
1434 1852 1552 1891 reliquis
1570 1853 1683 1883 duobus
1701 1853 1826 1892 adiungi,

133 1910 221 1939 quam
251 1902 405 1940 posteriori
435 1911 536 1932 eorum
566 1903 674 1941 opponi
707 1903 776 1932 mihi
806 1904 928 1934 videtur.
976 1905 1011 1933 At
1039 1905 1067 1934 in
1099 1905 1198 1935 codice
1230 1910 1273 1934 est
1299 1907 1361 1941 sed,
1392 1916 1449 1937 non
1481 1914 1515 1937 et.
1562 1909 1697 1938 Ceterum
1721 1909 1826 1939 iniuria

135 1957 331 1996 Nipperdeius
364 1963 479 1996 uterque
512 1958 566 1988 hoc
596 1959 658 1988 loco
691 1968 756 1988 cum
784 1959 887 1998 plurali
916 1969 1040 1990 numero
1072 1961 1229 2000 praedicati
1258 1962 1395 2001 coniungi
1419 1963 1497 1993 dicit.
1543 1965 1625 1999 Quod
1650 1974 1702 1994 cur
1725 1965 1826 2000 dicam,

135 2012 196 2051 ipsa
219 2013 408 2043 distinctione
430 2014 635 2044 vocabulorum
660 2024 748 2054 supra
772 2015 940 2053 significavi.

278 2069 341 2099 Xlll
365 2070 414 2105 57,
438 2069 475 2100 18
507 2070 636 2101 Ritterus
665 2075 693 2100 et
717 2071 847 2101 Halmius
876 2072 1059 2111 scripserunt
1086 2075 1180 2112 inopia
1204 2074 1402 2104 remediorum.
1450 2075 1521 2105 Nam
1550 2076 1580 2105 in
1604 2075 1731 2106 Mediceo
1764 2086 1826 2106 esse

135 2124 257 2155 remedio
273 2130 302 2155 et
314 2125 447 2155 Baiterus
464 2130 492 2155 et
509 2126 638 2157 Ritterns
655 2132 809 2157 testantur.
841 2128 1051 2158 Auctoritatem
1067 2129 1180 2163 Halmii,
1198 2130 1246 2167 qui
1264 2130 1293 2159 in
1310 2131 1523 2160 commentario
1536 2132 1635 2161 critico
1649 2132 1710 2161 XIV
1724 2131 1773 2167 38,
1789 2133 1825 2162 15

132 2180 239 2219 praelio
267 2190 318 2220 pro
345 2181 517 2221 proeliorum
544 2183 574 2212 in
599 2183 696 2212 codice
720 2184 861 2222 scriptum
890 2184 990 2223 (idque
1016 2195 1116 2215 verum
1141 2185 1198 2223 est)
1227 2191 1390 2225 comparat,
1423 2189 1514 2217 secuti
1537 2193 1605 2217 sunt
1628 2189 1824 2219 recentiorum

135 2237 276 2277 plerique,
300 2239 429 2278 exceptis
445 2239 619 2279 Nipperdeio
643 2245 672 2270 et
694 2241 842 2276 Muellero,
866 2242 915 2280 qui
939 2243 1057 2272 remedii
1071 2243 1282 2281 praetulerunt,
1307 2244 1384 2281 qnod
1402 2243 1511 2274 habent
1528 2244 1641 2274 codices
1658 2245 1825 2276 deteriores.

134 2294 174 2323 Ac
196 2299 275 2324 recte
298 2295 339 2324 illi
370 2295 497 2335 quidem.
546 2296 617 2326 Nam
650 2307 685 2326 ne
715 2297 744 2326 in
770 2297 897 2328 Mediceo
926 2299 1042 2337 quidem
1073 2303 1117 2329 est
1139 2299 1274 2333 remedio,
1305 2299 1355 2328 sed
1379 2300 1496 2330 remedii
1523 2301 1621 2329 eadem
1648 2310 1735 2331 manu
1759 2311 1827 2332 cor-

134 2355 247 2380 rectum
272 2361 305 2381 ex
328 2353 459 2382 remedio.
499 2352 540 2382 Ex
564 2363 579 2382 o
603 2353 679 2382 enim
704 2353 741 2383 ita
766 2354 871 2383 factum
890 2359 935 2383 est
957 2357 974 2387 i.
998 2359 1031 2384 ut
1047 2355 1182 2384 sinistrae
1197 2355 1271 2394 parti
1295 2364 1310 2385 o
1333 2355 1445 2385 litterae
1461 2357 1661 2394 imponeretur
1683 2358 1702 2391 i,
1726 2357 1825 2388 dextra

137 2411 234 2436 autem
259 2416 325 2445 pars
350 2417 436 2446 parva
460 2408 562 2439 lineola
588 2409 768 2439 extrinsecus
785 2410 921 2440 adiuncta
946 2411 1176 2450 (quampriores
1193 2420 1254 2440 non
1270 2411 1418 2447 viderunt)
1443 2412 1595 2441 deleretur.
1634 2412 1825 2443 Reddendum

136 2462 224 2500 igitur
246 2462 348 2492 Tacito
370 2465 464 2502 inopia
487 2464 613 2494 remedii.
659 2465 788 2495 Omnino
812 2466 964 2504 diligenter
988 2467 1204 2496 diiudicandum
1230 2473 1283 2500 est,
1316 2477 1389 2506 quae
1414 2469 1513 2497 eadem
1539 2476 1658 2504 manus,
1689 2478 1763 2507 quae
1786 2469 1828 2498 vir

135 2517 238 2547 doctus
261 2519 366 2557 aliquis
390 2519 585 2564 posteriorum
609 2525 776 2560 temporum
802 2522 941 2551 deleverit
965 2523 1108 2552 addiderit
1125 2523 1288 2552 mutaverit.
1328 2524 1408 2552 Velnt
1428 2523 1491 2552 Xlll
1510 2523 1558 2558 40,
1579 2523 1615 2552 14
1639 2524 1773 2555 Baiterus
1797 2526 1825 2554 in

134 2573 263 2603 Mediceo
286 2575 429 2605 addictum
453 2576 595 2614 scriptum
627 2582 654 2606 et
683 2578 719 2607 ad
741 2579 827 2607 ictum
852 2578 1019 2608 coniectura
1047 2588 1061 2607 a
1093 2589 1124 2608 se
1153 2580 1287 2608 effectum
1317 2589 1380 2608 esse
1411 2579 1490 2608 dicit.
1536 2579 1616 2609 Idem
1640 2581 1827 2619 posteriores,

1615 2639 1648 2665 *2*
