2060 2891
1033 196 1229 226 ..6-

288 292 437 330 eiccipiens.
463 287 538 327 quod
564 287 640 317 idem
664 290 732 316 aute
757 295 822 315 eum
847 285 1042 314 affirmaverat
1059 284 1200 314 BaiteruS.
1246 284 1309 314 Non
1333 289 1414 314 recte
1438 285 1570 323 legerunt
1593 285 1644 314 viri
1666 285 1835 315 doctissimi.
1883 286 1985 317 Libra-

288 349 347 378 rius
364 347 440 377 enim
458 354 522 375 cum
540 344 703 382 scripsisset
727 342 1006 380 oraclioiciacciffl'ens
1029 351 1061 371 ac
1085 350 1136 380 per
1160 350 1289 371 errorem
1314 343 1369 371 vici
1383 351 1436 380 pro
1453 344 1510 371 eice
1533 341 1687 381 scripsisse
1704 351 1736 371 se
1753 342 1882 375 vidisset,
1902 342 1985 373 ‘hunc

289 413 416 434 errorem
442 404 626 431 correcturus
651 408 711 428 uon
734 401 745 428 i
766 398 797 427 in
821 408 834 427 e.
860 397 990 432 mutavit,
1015 397 1093 436 quod
1118 397 1253 432 debebat,
1288 397 1338 427 sed
1375 406 1449 427 novo
1483 408 1582 428 errore
1613 398 1740 428 admisso
1765 398 1833 428 illud
1858 408 1872 428 e
1896 399 1985 438 priori

288 461 387 490 hastae
404 468 421 487 a
437 458 547 487 litterae
571 456 718 495 imposuit,
742 455 818 494 quod
836 459 933 483 tamen
958 454 995 483 ita
1020 454 1098 489 fecit,
1123 458 1155 483 ut
1171 454 1295 483 sormam
1312 454 1427 484 litterae
1443 464 1461 484 a
1479 463 1540 484 non
1563 454 1744 484 obscuraret.
1789 455 1873 484 Falso
1897 455 1986 493 igitur

288 519 314 546 ei
334 516 363 545 in
387 514 484 544 codice
508 521 572 542 esse
588 512 703 547 dicunt;
726 511 817 540 immo
835 514 922 544 esta,
947 510 1030 539 cuius
1054 510 1189 539 sinistrae
1214 510 1288 549 parti
1312 510 1450 550 imposita
1474 515 1519 540 est
1538 510 1631 540 littera
1648 519 1671 539 e.
1717 510 1793 540 Haec
1819 510 1984 541 Ptitznerus

288 581 351 601 cum
376 570 482 609 legerit,
507 568 556 607 qui
581 568 672 602 solus,
697 572 839 606 quantum
865 566 956 598 vide0.
981 576 1015 595 ex
1040 567 1081 596 eis
1105 566 1281 599 editoribus,
1316 567 1365 605 qui
1390 571 1456 605 post
1479 567 1624 596 Ritterum
1650 566 1819 602 extiterunt,
1842 569 1985 606 excipiens

289 626 411 666 scripsit,
436 626 512 655 illius
536 624 702 663 exemplum
727 623 910 662 sequendum
935 622 989 651 sibi
1014 631 1074 652 non
1097 622 1188 652 fuisse
1212 622 1368 662 intelleget.

428 682 486 711 Hoc
510 681 582 715 loco,
606 680 660 710 etsi
685 680 826 710 correctio
850 679 957 709 librarii
991 688 1050 708 non
1074 688 1108 708 eo
1133 679 1195 709 loco
1219 688 1277 718 quo
1302 679 1424 709 debebat
1458 679 1528 718 poni
1551 679 1645 718 posita
1671 684 1728 713 est,
1764 685 1862 709 tamen
1885 680 1979 719 ipsam

287 738 494 768 correctionem
520 746 616 767 veram
642 746 705 766 esse
729 736 891 766 docuimus.
938 735 1045 764 Eadem
1071 735 1144 765 ratio
1169 734 1306 765 omnibus
1340 735 1410 765 locis
1434 735 1560 765 tenenda
1585 739 1639 771 est,
1672 735 1702 765 in
1735 735 1841 774 quibus
1870 735 1976 774 aliquid

287 796 320 824 ab
342 795 405 834 ipso
428 793 546 824 librario
571 798 735 823 correctum
761 802 824 822 esse
848 796 982 830 aspectus
1006 792 1166 830 scripturae
1183 791 1367 831 persuaserit.
1413 792 1497 821 Velut
1513 792 1547 820 ad
1569 801 1611 826 ea,
1636 801 1709 830 quae
1733 792 1865 830 quinque
1889 792 1979 822 versi-

288 852 341 880 bus
358 854 424 890 post
439 851 576 889 leguntur
599 849 645 887 (Vl
663 849 711 883 22,
729 850 773 881 4l:
798 849 1015 887 sapientissimos
1039 853 1164 877 velerum
1182 865 1220 868 —
1237 848 1361 878 ‹liversos
1381 850 1504 887 reperies
1521 848 1651 878 Ritterus
1676 848 1704 877 in
1729 848 1827 878 codice
1842 849 1979 887 reperae'ccs

286 907 426 946 scriptum
459 916 521 936 esse
556 906 643 945 idque
667 911 762 934 vetere
794 913 881 934 manu
914 905 944 933 in
980 906 1118 943 reperiens
1143 908 1304 934 correctum
1338 914 1401 934 esse
1424 905 1553 934 adnotat.
1599 904 1631 933 In
1654 904 1710 934 hoc
1733 904 1903 934 testimonio
1927 904 1980 934 tria

286 967 355 992 sunt
372 963 447 992 vitia.
493 962 625 992 Primum
643 962 720 991 enim
745 961 878 990 librarius
904 970 962 990 non
987 960 1105 999 scripsit
1128 963 1263 999 repericcs
1288 961 1377 999 (quod
1399 961 1550 999 scripsisse
1572 969 1638 989 eum
1657 961 1721 999 quis
1738 960 1845 994 credet,
1869 960 1982 990 etiamsi

286 1019 391 1049 librum
416 1019 510 1057 ipsum
537 1027 595 1047 non
619 1015 824 1056 inspexerit&
849 1018 900 1046 sed
918 1019 1050 1056 reperias.
1099 1017 1168 1046 Nam
1187 1017 1260 1046 duae
1284 1017 1312 1046 in
1332 1016 1459 1046 Mediceo
1477 1017 1572 1055 primo
1597 1018 1706 1046 formae
1731 1021 1801 1046 sunt
1824 1017 1940 1047 litterae
1957 1027 1983 1051 a,

286 1084 410 1114 quarum
434 1075 532 1109 altera,
558 1075 696 1113 quoniam
722 1073 834 1103 duabus
851 1083 864 1103 c
888 1073 991 1102 litteris
1015 1073 1179 1103 coniunctis
1203 1073 1389 1112 aliquatenus
1413 1073 1515 1102 similis
1539 1079 1592 1107 est,
1618 1073 1761 1102 Ritterum
1780 1073 1914 1102 hocloco
1931 1073 1984 1103 de—

285 1132 369 1170 cepit.
414 1131 630 1161 Correctionem
656 1139 721 1159 vero
747 1139 806 1159 non
830 1130 898 1159 fecit
923 1135 1005 1160 vetus
1029 1130 1122 1168 aliqua
1149 1139 1261 1164 manus,
1286 1129 1335 1159 sed
1362 1131 1421 1168 ipse
1447 1129 1588 1163 librarius,
1615 1139 1668 1159 nec
1692 1129 1875 1159 correctione
1899 1130 1986 1159 effec-

286 1192 347 1217 tum
372 1192 416 1217 est
439 1189 581 1226 reperiecs.
605 1188 654 1216 sed
679 1188 812 1225 repera'esg
847 1196 914 1216 nam
946 1186 1080 1215 librarius
1115 1195 1181 1215 cum
1206 1186 1419 1215 correctionem
1445 1186 1535 1224 priori
1561 1186 1635 1224 parti
1659 1195 1676 1215 a
1700 1186 1812 1215 litterae
1836 1185 1985 1221 affixisset,

286 1243 476 1282 posteriorem
502 1248 613 1282 partein
632 1244 672 1272 vel
691 1252 858 1282 expungere
883 1242 923 1271 vel
949 1248 1115 1272 transversa
1140 1242 1215 1271 linea
1240 1242 1342 1271 tollere
1365 1242 1541 1281 supersedit.
1587 1242 1664 1271 llaec
1686 1241 1783 1271 omnia
1807 1246 1873 1271 ante
1890 1241 1986 1271 Ritte—

286 1308 351 1328 rum
375 1304 453 1328 reete
478 1299 589 1329 dixerat
605 1299 745 1331 Baiterus.
770 1299 814 1328 ille
839 1299 867 1328 iu
891 1298 988 1338 peiora
1015 1298 1093 1327 abiit.
1141 1298 1251 1337 ltaque,
1276 1298 1417 1337 quoniam
1442 1298 1493 1330 eis,
1517 1308 1591 1337 quae
1607 1298 1742 1328 librarius
1766 1298 1828 1336 ipse
1852 1299 1984 1333 mutavit,

285 1355 355 1384 tides
377 1355 507 1385 habenda
532 1360 585 1389 est,
609 1356 664 1384 iam
689 1361 801 1385 certum
827 1360 871 1385 est
894 1354 1046 1393 scripsisse
1063 1354 1195 1384 Tacitum
1221 1357 1350 1394 reperies,
1377 1363 1435 1384 non
1460 1357 1596 1394 reperias.
1642 1354 1732 1393 quue
1750 1354 1866 1384 duobus
1883 1363 1985 1384 exem-

285 1411 339 1449 plis
362 1411 547 1441 confirmavit
571 1411 780 1450 Nipperdeius;
805 1421 858 1449 ego
884 1411 1002 1441 tertium
1028 1410 1082 1440 hoc
1105 1411 1245 1449 adiungo:
1281 1411 1394 1440 (licitiae
1417 1416 1441 1440 et
1465 1420 1536 1450 opes,
1561 1420 1630 1450 quas
1652 1410 1770 1449 facilius
1792 1412 1916 1440 invenies
1940 1412 1989 1450 qui

285 1469 419 1506 vituperet
442 1477 526 1507 qnam
550 1470 599 1506 qai
618 1469 744 1506 fastidia!
769 1468 851 1504 (Dial.
869 1468 897 1502 S,
915 1466 977 1505 28).
1025 1467 1101 1496 nlius
1119 1472 1226 1501 autem,
1251 1467 1285 1496 de
1303 1476 1358 1505 qua
1381 1467 1466 1496 modo
1483 1467 1550 1499 dixi,
1575 1467 1799 1497 consuetudinis
1817 1467 1982 1504 corrigendi

285 1533 373 1562 pauca
409 1528 514 1563 (eaque
538 1524 677 1562 iusignia)
712 1525 841 1563 exempla
875 1524 980 1554 addere
1009 1524 1078 1554 satis
1109 1524 1174 1553 erit.
1219 1524 1251 1552 lv
1272 1524 1355 1557 45,6
1392 1528 1515 1562 uterque
1550 1523 1644 1553 editor
1678 1522 1786 1552 librum
1822 1522 1982 1552 Mediceum

283 1581 452 1618 fraislratus
475 1589 526 1619 pro
549 1581 710 1619 frustratus
728 1582 865 1620 praebere
890 1585 1025 1610 testatur.
1072 1580 1242 1610 Incredibile
1267 1580 1294 1609 id
1312 1580 1430 1619 quidem
1455 1580 1564 1619 (neque
1587 1580 1663 1609 enim
1683 1579 1831 1618 quaelibet
1847 1589 1899 1618 pro
1916 1579 1985 1618 qui-

286 1635 412 1665 buslibet
437 1641 602 1674 posuerunt
625 1637 754 1669 librarii).
780 1647 834 1667 nec
858 1647 968 1667 verum.
1016 1637 1087 1666 Nam
1113 1637 1154 1665 sic
1178 1646 1208 1665 se
1232 1645 1277 1665 res
1302 1636 1402 1666 habet:
1431 1636 1576 1670 librarius,
1600 1645 1666 1665 cum
1691 1635 1720 1665 in
1744 1636 1902 1665 secundam
1928 1636 1985 1674 syl-

286 1692 377 1721 labam
402 1691 541 1721 aberrans
564 1694 615 1731 fra
638 1694 802 1731 scripsisset
825 1703 878 1732 pro
900 1694 962 1732 frit.
988 1698 1143 1732 perspecto
1168 1701 1265 1721 errore
1289 1702 1343 1721 suo
1369 1702 1385 1721 ιι
1411 1693 1447 1721 ita
1472 1692 1576 1727 effecit,
1602 1697 1635 1722 ut
1651 1692 1843 1731 posteriorem
1869 1696 1981 1730 partem

285 1757 301 1776 a
325 1748 437 1777 litterae
461 1754 632 1783 assumeret,
657 1750 782 1788 priorem
808 1750 998 1788 relinqueret.
1046 1749 1103 1778 Nec
1126 1749 1305 1778 credendum
1333 1753 1383 1778 aut
1405 1749 1516 1778 Rittero
1540 1749 1575 1777 lv
1592 1748 1641 1781 62,
1664 1749 1698 1778 15
1722 1748 1752 1777 in
1776 1747 1904 1777 Mediceo
1928 1757 1981 1786 pro

284 1807 384 1843 strayis
407 1805 549 1844 scriptum
575 1816 640 1835 esse
662 1810 764 1845 staaqis
788 1824 825 1827 —
851 1815 917 1835 nam
936 1816 952 1835 a
979 1806 1120 1839 librarius,
1146 1806 1222 1844 quod
1245 1815 1297 1844 per
1324 1814 1453 1834 errorem
1480 1809 1672 1844 praeceperat,
1698 1804 1736 1833 ita
1760 1804 1886 1833 correxit
1910 1804 1939 1833 in
1955 1813 1980 1839 r,

287 1867 318 1890 ut
341 1861 490 1891 sinistram
517 1862 592 1891 illius
616 1862 728 1891 litterae
757 1868 867 1901 partem
893 1872 953 1891 non
977 1863 1087 1892 deleret
1111 1879 1150 1882 —
1174 1866 1223 1891 aut
1247 1861 1361 1891 Baitero
1386 1866 1413 1891 et
1437 1861 1548 1890 Rittero
1572 1860 1674 1895 v137‚
1691 1860 1731 1890 20
1755 1860 1903 1890 librarium
1929 1869 1980 1899 pro

291 1917 416 1948 Vitellius
439 1918 593 1957 scripsisse
616 1918 743 1948 Vitellelis
767 1919 857 1958 (qnod
874 1919 995 1958 prodigii
1014 1919 1106 1948 instar
1124 1918 1221 1956 esset).
1269 1918 1342 1947 Nam
1360 1928 1425 1948 cum
1444 1921 1507 1957 post
1531 1917 1607 1947 vitell
1631 1917 1742 1947 litteras
1759 1916 1784 1946 el
1801 1916 1873 1946 male
1896 1925 1981 1956 repe-

287 1973 408 2007 tivisset,
432 1974 492 2004 viso
517 1983 616 2004 errore
632 1984 645 2003 e
662 1975 781 2004 mutarit
806 1976 834 2005 in
852 1977 868 2009 i,
894 1974 951 2004 lin
976 1985 993 2004 ιι
1016 1978 1061 2011 (ac
1084 1975 1126 2004 sic
1150 1974 1244 2003 eli'ecit
1272 1974 1426 2011 Vitellius);
1455 1983 1529 2012 quae
1553 1978 1651 2002 autem
1677 1977 1743 2012 post
1766 1973 1979 2003 correctionem

286 2039 318 2058 ex
342 2030 446 2060 litteris
469 2040 483 2059 e
506 2036 532 2061 et
557 2030 567 2059 l
590 2036 772 2069 supererant,
808 2041 840 2061 ea
870 2031 975 2060 intacta
1001 2031 1126 2069 reliquit.
1174 2030 1231 2060 Nec
1255 2031 1340 2060 Attus
1364 2030 1486 2059 Clausus
1510 2029 1544 2058 1V
1567 2030 1594 2063 9,
1616 2030 1650 2058 10
1675 2029 1704 2058 in
1729 2029 1828 2058 codice
1852 2028 1979 2058 Mediceo

286 2086 454 2116 nominatur
474 2087 553 2117 Attus
578 2086 698 2121 Classus7
724 2092 754 2117 ut
778 2092 821 2117 est
844 2087 918 2126 apud
937 2087 1093 2122 Ritterum,
1118 2087 1168 2116 sed
1193 2096 1279 2116 suum
1305 2086 1343 2116 ibi
1366 2086 1454 2116 habet
1477 2094 1601 2122 nomem
1626 2078 1693 2115 nam
1710 2095 1728 2114 u
1745 2085 1849 2114 eadem
1874 2094 1977 2114 manus

288 2143 412 2172 correxit
435 2153 468 2172 ex
491 2154 512 2178 s,
537 2143 615 2182 quod
641 2144 713 2172 male
739 2148 932 2182 praeceperat.
979 2143 1074 2172 Etiam
1101 2143 1189 2172 multa
1213 2142 1265 2171 alia
1295 2147 1372 2172 recte
1396 2142 1502 2181 scripta
1525 2146 1595 2172 sunt
1618 2142 1647 2171 in
1673 2141 1801 2170 Mediceo
1826 2141 1922 2179 primo
1947 2150 1979 2171 ac

288 2207 468 2238 nequaquam
494 2203 629 2238 corrupta
653 2199 693 2229 eis
717 2200 799 2234 vitiis,
824 2209 898 2239 quae
919 2199 1047 2228 Ritterus
1070 2199 1114 2236 (ac
1131 2203 1244 2237 partem
1261 2208 1364 2229 eorum
1381 2198 1526 2232 Baiterus)
1552 2198 1711 2237 repperisse
1735 2196 1791 2227 sibi
1816 2196 1976 2226 videbatur.

288 2254 370 2284 Velut
393 2255 526 2285 librarius
550 2255 666 2294 scripsit
690 2256 699 2284 1
725 2256 747 2287 1,
769 2257 797 2285 11
834 2256 996 2286 adulatione
1019 2255 1065 2293 (R.
1083 2255 1276 2291 adulacione),
1313 2254 1362 2290 64,
1388 2254 1422 2283 19
1447 2255 1542 2284 lenam
1567 2254 1610 2289 (B.
1635 2258 1663 2283 et
1680 2254 1713 2283 R.
1737 2253 1841 2291 lcum),
1870 2251 1920 2287 81,
1940 2253 1976 2282 10

289 2311 465 2341 manderent.
488 2314 608 2350 spetiosa
630 2316 700 2347 (non
725 2313 901 2350 confiderem.
926 2314 955 2341 in
977 2313 1104 2350 spetiosa.
1130 2316 1160 2341 ut
1177 2312 1216 2340 ait
1233 2311 1275 2345 st,
1301 2311 1348 2349 qui
1374 2321 1406 2340 ex
1430 2311 1478 2340 illo
1501 2313 1539 2343 in,
1564 2311 1642 2349 quod
1668 2309 1778 2339 nullum
1804 2313 1849 2338 est
1872 2309 1900 2338 in
1925 2318 1978 2338 co-

289 2365 358 2397 dice.
383 2368 476 2398 effecit
499 2369 553 2402 ea),
578 2366 715 2401 11172,4
739 2371 873 2397 arsanias
897 2369 942 2403 (il.
967 2368 1101 2405 exsilias).
1127 2367 1175 2398 73.
1198 2368 1232 2396 13
1257 2368 1303 2397 aiot
1328 2368 1358 2405 (i.
1377 2378 1399 2396 e.
1426 2372 1527 2401 autem,
1547 2367 1578 2395 R.
1600 2367 1672 2405 aut),
1697 2366 1729 2395 IV
1752 2364 1801 2400 25,
1819 2366 1836 2393 5
1861 2366 1978 2404 iynarae

290 2422 332 2459 (B.
354 2427 383 2451 et
406 2423 437 2452 R.
461 2426 580 2462 ignare),
603 2423 653 2457 71,
674 2423 710 2452 18
731 2426 941 2463 proieceratque
965 2425 1008 2462 (B.
1040 2429 1068 2453 et
1091 2424 1121 2452 R.
1145 2423 1384 2463 proieceratque),
1419 2423 1453 2452 Vi
1482 2423 1509 2457 7,
1538 2424 1556 2451 9
1590 2422 1730 2452 Minucius
1754 2422 1798 2456 (R.
1817 2420 1975 2459 Minucius).

290 2476 345 2511 18,
366 2478 401 2506 12
424 2479 574 2518 scripsisse
597 2479 749 2509 librarium
770 2485 864 2518 portat
888 2490 938 2518 pro
960 2486 1057 2519 porta.
1095 2480 1143 2514 28,
1167 2479 1206 2509 23
1236 2485 1406 2510 auerterano
1430 2489 1481 2518 pro
1507 2489 1524 2508 a
1547 2484 1687 2512 veterano,
1713 2478 1761 2512 35,
1782 2477 1818 2507 18
1841 2480 1975 2516 impectus

291 2543 342 2572 pro
366 2536 394 2562 in
415 2540 522 2573 peetus.
558 2536 606 2568 41,
624 2535 641 2565 3
666 2536 871 2565 conturberniis
894 2546 946 2574 pro
970 2537 1159 2566 contuberniis
1183 2545 1283 2566 rerum
1309 2542 1365 2571 esu
1400 2541 1429 2565 at
1458 2536 1584 2565 eundem
1610 2544 1682 2574 quae
1706 2543 1793 2572 prave
1817 2533 1976 2567 addiderat,

290 2589 394 2618 lineola
411 2590 549 2620 delevisse
566 2596 668 2621 neuter
685 2591 815 2630 priorum
835 2591 915 2620 dixit.
951 2593 973 2621 ll
992 2592 1041 2628 39,
1058 2592 1076 2621 8
1100 2601 1196 2622 coram
1212 2602 1264 2631 pro
1283 2592 1382 2623 Cosam
1407 2593 1447 2628 (id
1466 2591 1542 2621 enim
1566 2595 1608 2620 est
1625 2590 1831 2629 promunturio
1854 2591 1975 2625 nomen)
