2060 2891
993 182 1190 210 ..4—

245 282 330 311 esset,
366 282 425 305 tum
462 274 546 303 etiam
583 271 736 302 iucundior
771 271 845 300 facta
881 275 923 299 est
948 268 1147 299 benevolentia
1172 268 1247 302 eius,
1283 268 1332 307 qui
1360 267 1555 298 bibliothecae
1579 267 1790 297 Laurentianae
1814 270 1938 306 praeest,

248 333 380 364 Doctoris
397 331 482 369 Biagi,
508 334 742 366 ceterorumque,
768 327 817 365 qui
842 326 879 355 ibi
904 326 999 355 studia
1025 325 1177 354 hominum
1202 324 1424 363 peregrinorum
1450 325 1597 359 adiuvant,
1624 324 1753 354 virorum
1777 324 1941 357 doctorum,

245 399 323 429 quos
346 393 465 428 propter
488 385 659 414 suavitatem
686 392 801 412 morum
826 382 945 420 diligere
969 381 1060 420 coepi.

388 442 462 474 146,
479 441 496 469 7
519 443 675 480 principem
703 440 786 478 lonqa
809 440 992 477 experientia.
1039 439 1075 466 At
1098 437 1231 466 Ritterus
1255 437 1354 475 {onyae
1377 438 1580 475 experientia&-
1614 446 1680 466 nam
1710 436 1738 466 in
1767 437 1865 466 codice
1896 436 1940 466 in-

246 502 357 531 venisse
379 510 408 528 se
433 503 554 527 testatur
578 496 658 535 Ionye
681 497 856 534 experientia
881 495 965 533 eique
994 493 1162 523 testimonio
1195 493 1317 532 apponit
1341 493 1433 528 „sic“,
1469 493 1607 522 nimirum
1640 497 1671 522 ut
1696 492 1858 527 Baiterum,
1893 492 1942 532 qui

246 557 317 587 nihil
339 557 538 587 adnotaverat,
573 552 679 582 erroris
704 552 897 581 convinceret.
945 551 980 579 At
1004 550 1124 585 (mirum
1149 549 1241 584 dictu)
1266 550 1294 579 in
1319 549 1417 579 codice
1441 554 1540 588 aperte
1571 549 1712 588 scriptum
1737 554 1783 579 est
1807 549 1853 579 lon
1882 549 1943 588 (hic

247 612 419 642 terminatur
443 610 555 642 versus)
577 618 614 647 qa
636 610 818 647 experientia.
865 607 963 645 Neque
988 606 1015 635 in
1040 606 1094 635 boc
1118 605 1244 635 ablativo
1268 605 1425 644 quicquam
1448 610 1493 635 est
1521 605 1599 644 quod
1623 605 1782 644 displiceat.
1829 605 1885 634 Sed
1910 614 1942 635 ea

246 679 290 698 res
314 677 358 697 me
383 667 531 700 admonet,
555 670 588 694 ut
612 674 648 694 ne
672 665 713 694 eis
736 664 854 703 quidem
878 663 981 691 itineri
1006 662 1184 691 testimoniis
1208 661 1355 696 omnibus,
1379 661 1484 700 quibus
1509 662 1589 696 ‚,sic“
1615 661 1684 691 illud
1709 661 1854 701 apposuit,
1878 671 1942 692 cre-

246 725 372 755 dendum
396 732 458 752 esse
481 722 608 751 doceam.
656 721 742 750 Velut
767 719 870 753 11123,
893 719 928 748 13
952 719 981 747 in
1006 718 1105 748 codice
1128 718 1270 757 scriptum
1296 728 1359 748 esse
1383 718 1511 747 affirmat
1533 719 1655 757 quirini:
1680 723 1709 747 at
1732 717 1874 757 scriptum
1899 722 1944 747 est

248 781 346 819 (idque
369 780 458 815 recte)
481 780 613 817 quirinii,
638 777 674 806 ln
693 777 741 810 29,
763 777 791 805 tl
822 776 963 814 scriptum
989 779 1034 804 est
1057 784 1117 804 non
1141 776 1324 813 congiarium,
1357 780 1387 804 ut
1412 774 1452 804 ait
1477 774 1519 809 R„
1544 774 1593 804 sed
1619 774 1803 813 couylarium‚
1829 774 1862 803 Vl
1880 774 1907 808 3,
1924 774 1943 804 9

250 846 307 866 non
328 837 462 875 precium,
486 834 535 864 sed
556 835 709 873 praecium,
735 832 768 861 x'l
786 832 813 867 9,
834 832 871 861 13
895 840 955 861 non
980 836 1209 861 contremuerunt
1233 841 1298 870 que,
1327 831 1378 860 sed
1407 836 1636 861 contremuerunt
1658 840 1729 870 quae
1752 834 1943 869 (quamquam

250 903 266 922 a
283 893 375 922 littera
399 896 522 930 utroque
538 891 602 920 loco
620 895 783 919 transversa
807 889 881 917 linea
907 888 999 917 deleta
1024 887 1095 925 est)·‚
1118 892 1146 916 et
1169 887 1197 916 in
1222 888 1314 918 altero
1337 887 1466 917 Medieeo
1490 886 1541 916 XH
1562 887 1586 921 1,
1607 888 1619 916 1
1647 895 1705 916 non
1723 887 1779 921 ede,
1803 887 1853 916 sed
1871 887 1945 922 cede,

249 947 400 982 X1165‚9
425 956 484 976 non
509 947 674 978 britannico,
698 945 747 974 sed
762 944 877 980 brittbic
896 954 995 973 versus
1013 943 1327 979 terminator)tannico,
1351 943 1415 972 xltl
1434 943 1481 977 10,
1499 944 1515 972 4
1543 952 1600 972 non
1625 945 1782 977 censita'ssee,
1805 943 1854 972 sed
1879 952 1943 973 cen-

247 1007 343 1035 suisset
367 1002 549 1042 supraposita
574 1003 603 1031 in
622 1002 678 1031 tine
701 1001 831 1029 vocabuli
855 1000 950 1029 littera
975 1000 1070 1038 exigui
1094 998 1229 1033 ambitus,
1255 1008 1328 1038 quae
1353 999 1422 1028 mihi
1445 999 1596 1028 videbatur
1620 1008 1720 1028 essen
1742 999 1834 1037 (certe
1857 999 1945 1029 libra-

249 1061 309 1090 rius
327 1060 387 1099 ipse
404 1068 466 1088 eam
485 1058 583 1098 posuit
600 1067 640 1090 ac,
665 1058 686 1086 si
704 1062 745 1086 est
764 1067 791 1089 n,
817 1065 956 1089 errorem,
984 1065 1070 1094 quem
1088 1056 1255 1088 admiserat,
1277 1055 1352 1084 bene
1369 1055 1514 1093 correxit),
1538 1055 1587 1084 XV
1604 1055 1653 1090 47,
1674 1056 1685 1084 t
1707 1064 1765 1085 non
1782 1055 1944 1095 vulgantur,

247 1117 295 1146 sed
320 1115 485 1155 volqantur;
521 1115 568 1147 70,
590 1115 597 1143 1
629 1115 657 1143 in
682 1113 786 1142 litteris
814 1113 858 1143 Ea:
880 1112 1007 1141 Immone
1031 1112 1091 1147 (hic
1115 1117 1157 1140 est
1182 1111 1248 1140 [inis
1272 1113 1386 1145 versus)
1417 1121 1453 1140 na
1476 1117 1502 1141 et
1526 1112 1553 1140 in
1579 1112 1635 1141 fine
1660 1120 1760 1141 versus
1783 1121 1796 1141 e
1821 1111 1945 1142 litteram

249 1173 296 1210 (ab
320 1173 382 1211 ipso
406 1171 532 1203 librario.
558 1176 588 1199 ut
613 1170 735 1201 ridetur)
762 1169 891 1198 Ritterus
916 1178 973 1198 non
1005 1168 1074 1197 vidit
1097 1167 1211 1197 duabus
1235 1167 1320 1197 lineis
1343 1173 1421 1197 recte
1439 1168 1562 1197 deletam
1588 1177 1651 1197 esse
1675 1167 1756 1205 (nam
1774 1168 1836 1206 ipse
1860 1167 1946 1197 resti-

252 1229 307 1259 tuit
332 1229 413 1257 Emim
439 1226 566 1263 Annaei).
613 1227 722 1256 Ilorum
748 1225 885 1264 pleraque
909 1229 988 1254 recte
1006 1224 1113 1262 legerat
1132 1224 1275 1257 Baiterus;
1299 1223 1348 1262 qui
1371 1229 1438 1262 post
1461 1233 1528 1253 eum
1553 1223 1672 1253 eosdem
1696 1223 1784 1253 libros
1807 1223 1946 1263 inspexit,

248 1295 280 1314 eo
305 1284 368 1323 ipso
393 1289 536 1322 tempore,
561 1292 625 1311 cum
651 1282 725 1311 illius
749 1290 865 1310 errores
888 1291 902 1310 a
926 1290 957 1310 se
981 1281 1087 1317 corrigi
1112 1280 1309 1318 profiteretur,
1334 1280 1403 1309 salsa
1428 1279 1551 1311 rettulit.

392 1339 401 1368 1
420 1338 469 1374 62,
490 1340 502 1368 1
529 1338 618 1378 lyrim·
634 1338 777 1368 Romanus
800 1339 849 1376 qni
869 1337 970 1366 aderat
986 1338 1125 1366 exercitus
1146 1342 1258 1366 sextum
1274 1342 1335 1375 post
1358 1335 1446 1366 cladis
1470 1345 1578 1366 annum
1601 1338 1686 1366 trium
1711 1335 1850 1374 legionum
1874 1343 1945 1370 ossa,

251 1396 328 1426 nullo
349 1401 486 1427 noscente,
509 1395 617 1425 alienas
632 1394 764 1434 reliquias
780 1403 815 1423 an
833 1402 950 1423 suorum
967 1393 1051 1422 lizono
1073 1398 1182 1432 leyere!5
1207 1402 1301 1421 omnes
1325 1398 1353 1421 ut
1377 1394 1544 1426 coniunctos,
1568 1398 1598 1421 ul
1622 1393 1842 1431 consanguineos
1863 1397 1948 1421 uitem

249 1455 278 1482 in
300 1452 401 1481 hostem
424 1453 470 1480 ira
494 1453 592 1480 maesti
620 1451 704 1480 simul
726 1456 749 1480 e!
773 1451 881 1489 infensi
900 1449 1063 1479 condebant.
1110 1449 1151 1478 lbi
1169 1449 1254 1478 verba
1278 1448 1425 1478 Romanus
1448 1450 1497 1488 qui
1518 1448 1617 1478 aderat
1639 1450 1780 1478 exercilus
1804 1457 1837 1477 ex
1862 1447 1946 1477 initio

251 1508 452 1547 praecedentis
477 1507 578 1546 capitis
611 1507 700 1544 (omni
720 1508 769 1546 qui
791 1507 889 1536 aderat
912 1504 1053 1544 etercicn)
1088 1506 1210 1544 repetita
1243 1505 1275 1534 ad
1302 1509 1452 1543 poetarum
1478 1505 1634 1544 lyricorum
1660 1513 1771 1534 morem
1797 1503 1945 1543 quendam

251 1565 325 1594 bene
349 1564 420 1593 mihi
444 1563 634 1603 Nipperdeius
659 1563 805 1592 rettulisse
829 1563 951 1592 videtur.
998 1562 1098 1600 Neque
1122 1571 1174 1600 ego
1198 1562 1242 1591 bis
1266 1562 1422 1601 quicquam
1448 1561 1584 1590 adderem
1614 1566 1663 1591 aut
1687 1569 1867 1599 quaererem,
1895 1569 1947 1590 cur

252 1630 304 1659 pro
320 1622 398 1650 omni
419 1619 580 1658 posteriore
597 1619 657 1647 loro
675 1619 799 1658 scriptor
816 1618 1017 1649 substituisset
1033 1617 1180 1648 Romanus
1203 1618 1272 1656 (boc
1296 1619 1373 1647 enim
1400 1617 1470 1647 satis
1494 1617 1608 1656 placet),
1631 1617 1654 1647 si
1678 1617 1706 1646 in
1733 1616 1829 1645 codice
1853 1615 1946 1655 scrip-

250 1682 313 1706 tum
338 1676 514 1705 invenissem
532 1674 682 1705 Romanus.
719 1675 758 1704 lbi
780 1675 856 1704 enim
875 1680 919 1704 est
934 1673 1079 1709 Romanis,
1104 1674 1180 1713 quod
1206 1684 1294 1704 nemo
1318 1674 1412 1703 adhuc
1436 1674 1557 1703 rettulit.
1603 1673 1672 1702 Inde
1696 1672 1830 1702 dubitare
1853 1671 1945 1711 coepi,

253 1737 350 1762 utrum
375 1731 555 1771 probabilius
581 1741 612 1760 ex
639 1731 770 1761 Romanis
794 1732 876 1761 [ieret
893 1730 1047 1761 Romanus.
1071 1731 1147 1760 sicut
1171 1730 1207 1759 ΙΙΙ
1229 1730 1278 1763 20,
1300 1731 1334 1759 10
1359 1740 1411 1769 pro
1435 1729 1580 1760 Romanus
1607 1730 1749 1768 scriptum
1774 1733 1818 1758 est
1842 1728 1870 1758 in
1896 1738 1947 1758 co-

253 1789 316 1817 dice
339 1788 483 1819 Romanis.
507 1788 585 1826 quod
610 1789 753 1826 posterior
777 1797 880 1817 manus
905 1787 1039 1817 correxit.
1063 1796 1099 1816 an
1124 1789 1225 1821 omnis,
1256 1786 1369 1816 duabus
1394 1786 1498 1815 litteris
1522 1785 1636 1819 deletis,
1660 1794 1784 1824 quarum
1809 1784 1889 1824 prior
1911 1793 1946 1813 ex

251 1844 444 1883 dittographia
469 1848 566 1882 potest
589 1849 653 1872 nata
678 1854 738 1873 esse
764 1846 847 1881 (nam
873 1843 1020 1882 praecedit
1043 1844 1151 1882 mitur),
1175 1844 1264 1872 altera
1289 1843 1423 1872 similiter
1447 1842 1556 1871 inserta
1582 1851 1646 1870 esse
1671 1841 1747 1871 credi
1773 1845 1878 1879 potest,
1901 1845 1946 1870 at-

251 1910 317 1939 que,
342 1905 372 1930 ut
398 1909 489 1930 unum
514 1899 680 1938 exemplum
704 1900 842 1935 adferam,
868 1900 900 1928 lv
919 1899 967 1931 25,
985 1899 1003 1929 9
1029 1909 1080 1938 pro
1104 1905 1215 1929 [termae
1238 1899 1381 1938 scriptum
1407 1903 1449 1927 est
1472 1903 1613 1928 luramae.
1659 1898 1714 1928 Sed
1739 1907 1791 1936 ego
1815 1897 1844 1926 in
1869 1905 1944 1926 neu-

251 1962 325 1985 tram
350 1962 461 1995 partem
486 1956 617 1994 disputo:
653 1955 766 1985 videant
800 1956 846 1985 alii
881 1965 1041 1994 secumque
1069 1956 1248 1994 expendant,
1285 1960 1383 1985 utrum
1408 1954 1542 1984 Tacitum
1568 1954 1624 1983 hoc
1647 1954 1710 1983 loco
1735 1954 1819 1993 plane
1843 1952 1944 1982 eadem

255 2012 400 2047 vocabula⁷
425 2021 498 2051 quae
514 2016 597 2041 antea
615 2016 760 2050 posuerat,
784 2012 914 2051 posuisse
938 2021 975 2041 au
992 2012 1119 2050 paullum
1137 2011 1287 2041 immutata
1306 2010 1474 2049 repetivisse
1498 2010 1614 2040 credere
1638 2015 1775 2049 praestet.
1821 2009 1892 2039 Nam
1910 2008 1945 2038 ab

256 2068 463 2106 interpolatore
486 2068 596 2096 inserta
621 2076 684 2096 esse
708 2068 773 2106 quis
796 2068 891 2097 dicere
915 2066 1031 2096 audebit
1054 2072 1104 2096 aut
1128 2067 1244 2096 audenti
1270 2065 1391 2096 credet?

394 2124 416 2152 ll
440 2123 484 2158 13,
504 2124 539 2152 11
576 2124 696 2152 incendit
724 2133 755 2153 ea
783 2123 952 2153 contumelia
980 2124 1119 2162 Ieyionum
1142 2125 1210 2152 iras.
1257 2123 1304 2152 Sic
1333 2123 1475 2152 editiones
1499 2131 1617 2155 omnes,
1652 2131 1707 2151 nec
1735 2122 1890 2160 quicquam
1915 2121 1945 2150 in

256 2184 390 2217 apparatu
416 2180 514 2209 critico
539 2179 658 2209 adnotat
692 2185 741 2208 aut
764 2180 894 2209 Baiterus
920 2184 969 2208 aut
993 2179 1129 2208 Ritterus.
1175 2179 1287 2208 Scilicet
1323 2179 1351 2208 in
1375 2178 1471 2207 codice
1496 2178 1676 2217 apertissime
1711 2178 1852 2216 scriptum
1883 2186 1946 2206 esse

254 2236 367 2264 intendit
392 2241 495 2264 neuter
520 2235 597 2263 vidit.
645 2235 761 2274 llecepti
785 2236 862 2265 enim
887 2241 955 2264 sunt
980 2235 1170 2265 similitudine
1194 2235 1298 2274 aliqua,
1322 2243 1396 2273 quae
1419 2234 1447 2263 iu
1473 2234 1578 2263 codicis
1599 2234 1718 2263 Medicei
1743 2233 1827 2272 primi
1852 2233 1944 2272 scrip-

255 2294 316 2318 tura
341 2296 383 2319 est
407 2291 481 2321 inter
503 2301 517 2321 c
540 2295 569 2320 et
591 2297 600 2319 t
624 2291 741 2322 litteras.
766 2301 838 2330 quae
857 2297 952 2321 tamen
976 2291 1058 2321 facile
1082 2302 1116 2320 eo
1141 2292 1216 2320 inter
1240 2301 1270 2320 se
1287 2291 1518 2329 distinguuntur,
1544 2290 1621 2328 quod
1639 2291 1751 2319 litterae
1771 2299 1784 2319 c
1808 2289 1945 2327 superior

255 2354 319 2382 pars
342 2347 467 2385 exceptis
490 2347 672 2386 paucissimis
696 2348 776 2382 locis,
802 2348 849 2376 ubi
874 2358 886 2377 c
910 2348 1034 2377 litteram
1059 2348 1193 2386 sequitur
1215 2353 1235 2381 t,
1266 2356 1419 2386 nunquam
1445 2355 1537 2384 usque
1562 2347 1594 2375 ad
1620 2350 1790 2385 sequentem
1816 2345 1944 2375 litteram

256 2401 388 2439 pertinet,
411 2409 419 2431 ι
443 2413 566 2442 semper.
611 2403 766 2432 Videamus
790 2404 885 2441 igitur,
910 2410 1027 2434 rectene
1051 2404 1160 2433 dictum
1185 2404 1224 2432 sit
1247 2403 1365 2433 intendit
1380 2413 1412 2432 ea
1429 2402 1597 2432 contumelia
1613 2402 1752 2442 legionum
1767 2403 1836 2431 iras.
1880 2401 1943 2439 Ego

256 2456 336 2485 facile
360 2459 494 2488 omuibus
519 2469 563 2488 nie
588 2469 795 2498 persuasurum
821 2469 905 2498 spero
930 2469 990 2489 non
1014 2460 1110 2489 solum
1134 2466 1212 2489 recte
1229 2460 1283 2489 hoc
1301 2460 1362 2489 loco
1385 2458 1473 2488 scribi
1497 2459 1622 2492 intendit,
1647 2459 1697 2487 sed
1723 2458 1809 2487 etiam
1834 2457 1942 2486 rectius

257 2521 342 2549 quam
366 2514 492 2544 incendic.
539 2516 620 2554 Apud
645 2515 777 2544 Tacitum
802 2515 879 2544 enim
905 2517 969 2545 trita
995 2521 1064 2545 sunt
1088 2517 1171 2545 haec:
1200 2525 1329 2553 auyere
1352 2516 1516 2544 animorum
1538 2520 1637 2544 motus.
1658 2513 1773 2552 gaudia,
1798 2513 1942 2547 laetitiam,

255 2568 357 2602 studia,
380 2579 512 2604 (intorem,
538 2581 630 2606 ciffus,
655 2577 766 2606 mecum,
791 2575 1050 2607 consternationem,
1072 2573 1266 2610 suspicionem,
1291 2571 1465 2610 offensiones,
1488 2570 1634 2602 invidiam,
1659 2569 1733 2603 odia,
1757 2571 1833 2599 iram
1855 2570 1941 2607 (Ann-
