2060 2891
892 171 1084 200 -9-

142 261 278 292 clientelis
301 266 326 290 et
349 260 468 289 servitiis
492 258 633 288 Octaviae.
680 259 716 287 At
741 259 812 288 llaec
836 260 927 288 multo
952 259 1048 288 minus
1073 259 1210 288 audacter
1238 260 1313 289 dicta
1338 270 1400 290 esse
1425 269 1509 299 quam
1541 260 1608 289 illud
1633 266 1764 300 apparet;
1800 262 1836 291 ibi

141 319 218 348 enim
243 316 391 347 clientelae
415 314 553 344 dicuntur
578 315 744 349 incessisse,
781 320 928 353 tamquam
954 324 1023 344 suos
1048 324 1181 354 quaeque
1205 315 1339 345 habuerit
1363 322 1441 346 artus
1465 326 1611 356 suumque
1634 326 1751 356 corpus.
1797 319 1835 348 Ac

141 378 238 403 tamen
263 372 318 402 hoc
341 371 495 401 ferendum
521 374 598 399 esset
622 375 650 399 et
673 370 701 399 in
727 380 760 400 eo
785 371 862 409 quod
888 380 991 400 omnes
1015 371 1049 400 de
1074 371 1129 400 hoc
1153 371 1215 401 loco
1240 376 1289 400 aut
1313 372 1450 403 dixerunt
1473 377 1523 402 aut
1545 377 1711 408 senserunt,
1736 374 1836 412 acqui-

141 429 309 464 escendum,
333 427 391 457 nisi
415 426 489 457 liber
511 426 655 456 Mediceus
690 436 775 466 opem
814 428 912 456 ferret.
960 428 990 456 ln
1015 436 1048 457 eo
1073 427 1149 456 enim
1175 427 1317 466 scriptum
1353 434 1398 458 est
1421 428 1568 458 clientulis.
1614 429 1696 464 Quod
1722 430 1834 468 priores

139 485 275 516 fefellisse
299 484 413 514 videtur
436 487 589 522 propterea
615 482 693 521 quod
719 482 834 512 litterae
858 492 878 512 u
902 483 975 512 duae
999 483 1127 521 virgulae
1151 482 1304 521 impositae
1328 488 1407 518 sunt,
1432 493 1556 522 quarum
1580 493 1636 514 una
1660 485 1689 514 in
1715 486 1833 515 modum

139 550 223 572 arcus
247 540 449 570 circumducta
473 539 600 568 litteram
624 549 644 568 u
666 548 680 568 a
705 539 858 578 superiore
883 543 965 578 parte
988 539 1102 573 claudit,
1133 539 1219 569 altera
1243 539 1412 569 interiorem
1444 540 1555 570 litterae
1580 545 1693 579 partem
1717 541 1834 580 obliquo

139 606 226 627 cursu
249 596 353 627 traicit.
400 595 456 625 Sed
482 595 553 625 haec
576 595 772 625 additamenta
796 604 850 624 uec
874 595 1002 625 eiusdem
1029 604 1132 625 manus
1161 601 1246 629 sunt,
1271 605 1344 634 quae
1368 606 1388 625 u
1411 596 1537 626 litteram
1563 597 1680 636 scripsit
1701 614 1744 618 -—
1767 607 1833 628 nam

140 653 232 683 multo
257 652 407 692 pallidiore
431 656 593 681 atramento
617 651 690 681 facta
715 657 786 682 sunt
808 668 849 672 -
873 660 927 681 nec
951 661 964 681 e
986 652 1019 681 iis
1043 656 1093 681 aut
1116 652 1250 682 effectum
1276 661 1338 682 esse
1362 656 1412 681 aut
1435 661 1512 686 eum,
1544 653 1593 691 qui
1619 654 1696 688 lecit,
1719 654 1834 685 efficere

140 709 265 739 voluisse
288 712 399 739 certum
432 708 505 737 mihi
529 717 593 738 esse
615 707 769 737 videbatur
792 724 832 728 -—-
856 717 1033 746 quamquam
1051 708 1118 746 quid
1137 708 1212 737 aliud
1236 708 1283 738 ille
1306 712 1356 738 aut
1379 708 1448 747 quid
1473 708 1593 737 omnino
1619 710 1745 740 voluerit
1769 710 1832 740 erfi-

139 775 214 801 cere,
238 765 347 795 nescio,
392 764 454 794 Hoc
477 767 592 794 constat
615 773 688 803 quae
711 763 759 794 hic
782 763 877 793 addita
901 768 979 799 sunt,
1003 765 1089 802 longe
1114 764 1229 794 differre
1251 763 1286 793 ab
1311 773 1343 794 ea
1368 764 1481 794 litterae
1505 774 1519 794 e
1537 767 1640 803 forma,
1665 776 1720 805 qua
1745 766 1834 796 libra-

138 822 198 852 rius
221 821 341 851 Medicei
365 820 483 851 alterius
507 820 593 850 etiam
618 821 647 850 in
671 819 904 850 correctionibus
936 824 1106 849 constanter
1141 829 1210 849 usus
1246 825 1298 849 est.
1344 820 1407 856 Quo
1432 830 1498 850 cum
1528 822 1644 851 accedat
1677 824 1833 853 atramenti

139 877 218 908 color
246 877 292 907 ille
309 878 451 912 diversus,
475 876 608 907 Taciturn
632 875 772 906 clientulis
795 876 947 914 scripsisse
971 876 1154 905 crediderim.
1202 876 1229 905 Id
1248 876 1420 906 vocabulum
1438 877 1492 906 etsi
1509 878 1584 916 apud
1603 879 1714 908 nullum
1739 880 1832 919 scrip-

138 938 232 964 torem
257 934 378 964 latinum
403 933 548 972 reperitur
573 936 692 971 excepto
717 931 825 970 Dialogi
849 932 897 961 illo
921 932 993 967 loco,
1018 933 1066 971 qui
1091 936 1135 962 est
1159 932 1208 967 37,
1225 933 1243 962 2
1267 942 1302 963 ne
1325 932 1523 963 clientulorum
1551 934 1609 964 loco
1636 937 1726 973 potius
1750 946 1834 975 quam

139 996 328 1030 patronorum
351 995 583 1025 numerarentur,
607 993 705 1018 tamen
718 988 835 1018 Tacitus
853 988 925 1018 mihi
950 988 1022 1018 haud
1048 989 1147 1027 inepte
1170 989 1304 1019 hocloco
1329 989 1448 1028 elegisse
1474 990 1595 1025 videtur,
1622 991 1681 1020 sive
1705 996 1736 1021 ut
1752 993 1834 1022 vani-

140 1046 190 1077 tati
207 1046 348 1082 Caesaris,
372 1046 429 1085 qui,
455 1050 487 1076 ut
504 1055 590 1075 suum
608 1045 697 1075 decus
721 1044 881 1079 extolleret,
906 1045 1047 1083 populum
1066 1049 1097 1074 ut
1120 1045 1154 1074 ad
1171 1045 1284 1083 insigne
1308 1047 1506 1085 spectaculum
1524 1052 1684 1083 vocaverat,
1709 1053 1737 1077 et
1760 1049 1831 1079 adu-

139 1103 295 1133 lationibus
319 1106 448 1140 senatus,
473 1102 521 1141 qui
545 1102 623 1131 hunc
647 1101 828 1140 triumphum
854 1101 883 1130 P.
909 1101 1054 1140 Scipionis
1078 1106 1107 1130 et
1130 1101 1160 1130 L.
1186 1102 1277 1131 Paulli
1301 1101 1429 1132 victoriis
1453 1102 1640 1141 adaequabat.
1670 1109 1833 1143 opponeret

139 1159 334 1189 humilitatem
359 1163 389 1189 et
411 1167 512 1198 parum
538 1157 680 1196 insignem
705 1157 832 1196 speciem
858 1157 1006 1186 clientium
1031 1157 1169 1191 Carataci,
1192 1158 1253 1187 sive
1277 1163 1310 1188 ut
1333 1158 1493 1188 eorundem
1517 1159 1613 1188 vultus
1637 1159 1779 1190 demissos
1803 1166 1832 1191 et

138 1224 237 1255 preces
261 1215 417 1255 degeneres
440 1219 605 1254 opponeret
628 1214 703 1253 regis
727 1213 819 1252 ipsius
842 1213 929 1243 feroci
954 1218 982 1243 et
1005 1213 1110 1243 invicto
1145 1214 1286 1244 adversus
1317 1214 1466 1244 fortunam
1490 1215 1599 1245 animo.
1645 1218 1829 1255 Quamquam

139 1276 235 1311 potest
258 1272 342 1301 etiam
368 1275 527 1310 utrumque
551 1280 652 1300 verum
677 1279 749 1300 esse.

278 1327 329 1357 XII
347 1327 395 1361 38,
417 1327 451 1356 13
475 1337 523 1357 nec
546 1327 634 1357 multo
654 1332 717 1365 post
739 1326 902 1365 pabulantis
925 1331 1035 1356 nostros
1057 1326 1112 1363 (sic
1136 1326 1325 1361 Puteolanus3
1348 1326 1420 1356 Med.
1438 1336 1488 1357 uos
1508 1327 1594 1366 ipsos)
1618 1330 1768 1368 missasque
1794 1330 1830 1359 ad

139 1384 295 1414 subsidium
316 1389 426 1414 turmas
448 1383 611 1422 prosliqant.
657 1383 706 1412 Sic
728 1383 823 1420 vulgo,
848 1392 881 1411 ac
904 1386 991 1411 recte.
1039 1382 1077 1411 ne
1100 1382 1206 1412 codicis
1229 1383 1372 1422 scriptura
1390 1383 1597 1413 vocabulorum
1620 1386 1770 1424 missasque
1793 1386 1830 1415 ad

141 1440 297 1470 subsidium
319 1444 395 1469 tacet
419 1440 566 1475 Baiterus;
590 1439 721 1469 Ritterus
744 1441 895 1478 missasque
918 1424 945 1468 εἷ
966 1439 1002 1468 ad
1025 1439 1180 1469 subsidium
1202 1439 1305 1478 legisse
1328 1448 1359 1468 se
1374 1439 1473 1469 refert.
1518 1440 1626 1470 Neuter
1649 1446 1726 1470 recte
1750 1441 1828 1479 legit.

140 1496 289 1535 Scriptum
313 1496 390 1525 enim
408 1500 451 1526 est
475 1495 504 1524 in
521 1495 650 1524 Mediceo
674 1497 825 1534 missasque
842 1504 859 1523 a
882 1494 943 1533 (hic
966 1499 1010 1524 est
1027 1495 1092 1524 finis
1113 1496 1225 1531 versus)
1250 1495 1287 1525 ad
1302 1495 1469 1532 subsidium
1493 1505 1548 1526 nec
1570 1497 1626 1526 ulla
1651 1502 1695 1527 est
1719 1506 1826 1527 rasura.

139 1551 224 1581 Nihili
248 1551 336 1590 igitur
360 1555 404 1581 est
427 1551 575 1590 (idemque
599 1551 633 1580 ad
657 1550 833 1581 sententiam
855 1550 940 1589 plane
964 1551 1103 1589 otiosum)
1126 1552 1309 1582 adcurrentes
1332 1552 1411 1588 illud,
1440 1553 1518 1591 quod
1544 1553 1574 1582 R.
1601 1553 1675 1582 inter
1699 1559 1723 1582 et
1748 1554 1826 1587 illud,

139 1607 216 1646 quod
239 1608 335 1646 legere
359 1607 412 1637 sibi
436 1607 513 1637 visus
538 1611 608 1641 erat,
643 1611 672 1636 et
695 1607 731 1636 ad
753 1607 904 1646 supplevit,
951 1607 1006 1637 Sed
1031 1617 1049 1637 a
1071 1608 1151 1643 illud,
1186 1608 1262 1647 quod
1299 1612 1343 1637 est
1376 1608 1406 1637 in
1430 1608 1537 1644 codice,
1569 1609 1637 1647 quid
1664 1609 1717 1638 sibi
1741 1607 1825 1639 vult?

140 1664 283 1693 Nimirum
309 1663 445 1694 librarius
469 1663 586 1693 initium
610 1663 740 1693 vocabuli
765 1663 801 1693 ad
824 1663 866 1693 bis
901 1664 1016 1703 scripsit
1040 1674 1073 1694 ac
1095 1664 1175 1704 prius
1205 1664 1274 1694 illud
1298 1674 1324 1700 a,
1358 1665 1496 1704 quoniam
1532 1665 1730 1695 intercedebat
1760 1666 1824 1695 finis

139 1729 250 1756 versus,
268 1720 426 1750 delendum
443 1719 497 1750 sibi
522 1729 587 1750 esse
610 1719 717 1749 oblitus
740 1724 792 1749 est.
829 1719 907 1749 Hanc
930 1729 1046 1750 causam
1071 1721 1197 1751 omissae
1221 1720 1410 1751 correctionis
1434 1722 1522 1751 fuisse
1544 1722 1597 1751 tria
1621 1721 1671 1750 alia
1696 1722 1824 1760 exempla

139 1776 270 1806 eiusdem
288 1776 394 1806 erroris
412 1776 528 1811 docent,
552 1786 635 1815 quae,
660 1784 719 1804 non
736 1775 937 1806 intercedente
954 1776 1011 1806 tine
1035 1786 1144 1812 versus,
1169 1777 1304 1807 librarius
1321 1776 1526 1807 animadvertit
1542 1782 1570 1807 et
1586 1777 1719 1807 correxit.
1751 1777 1823 1807 Nam

140 1832 202 1862 XVI
223 1833 269 1867 14,
291 1833 325 1862 15
342 1832 457 1862 scribz'ta
474 1833 511 1862 ad
531 1833 671 1871 scriptum
696 1841 759 1862 esse
776 1831 805 1861 in
822 1832 950 1862 Mediceo
968 1837 996 1862 et
1012 1832 1043 1862 B.
1060 1837 1088 1862 et
1105 1833 1137 1862 R.
1154 1838 1232 1863 recte
1249 1833 1359 1866 dicunt,
1383 1841 1442 1863 non
1459 1833 1560 1863 dicunt
1583 1833 1662 1873 prius
1679 1843 1696 1862 a
1712 1833 1824 1869 lineola,

140 1897 214 1927 quae
238 1897 289 1927 per
312 1892 403 1918 totam
428 1889 552 1919 litteram
577 1888 714 1928 pertinet,
739 1888 839 1918 eadem
863 1898 952 1919 manu
969 1889 1095 1919 deletum
1121 1899 1195 1919 esse.
1242 1889 1294 1919 Hic
1315 1889 1403 1928 igitur
1423 1889 1504 1919 locus
1527 1889 1575 1924 illi,
1599 1890 1633 1919 de
1656 1900 1713 1929 quo
1738 1900 1824 1930 supra

142 1944 278 1979 diximus,
302 1944 467 1975 simillimus
485 1950 536 1975 est.
571 1945 631 1975 Nec
654 1945 746 1974 multo
764 1945 947 1975 dissimiliora
971 1950 1040 1974 sunt
1062 1955 1135 1984 quae
1151 1945 1257 1984 scripta
1274 1948 1345 1975 sunt
1361 1945 1389 1974 in
1407 1945 1503 1975 codice
1520 1945 1571 1975 XII
1588 1945 1636 1980 48,
1656 1946 1689 1974 11
1715 1951 1746 1975 ut
1761 1946 1825 1976 abs-

141 2000 247 2030 cederet
269 2000 408 2039 adfinibus
432 2003 565 2031 armeniis
587 2001 733 2040 filiumque
755 2001 954 2035 aabstraheret‚
978 2001 1033 2031 nisi
1057 2002 1133 2041 quod
1157 2002 1253 2041 priore
1277 2001 1339 2031 loco
1363 2006 1430 2031 ante
1453 2003 1572 2041 afinibus
1595 2002 1680 2032 etiam
1703 2008 1714 2032 t
1737 2003 1826 2032 fuisse

140 2060 247 2095 potest,
270 2065 374 2095 nempe
396 2066 449 2096 per
472 2067 601 2087 errorem
625 2058 793 2096 repetitum.
837 2057 1003 2096 Utrumque
1025 2061 1122 2087 autem
1141 2067 1158 2087 a
1181 2057 1264 2096 (velt
1281 2057 1355 2096 eta)
1378 2066 1492 2088 erasum
1517 2063 1569 2088 est.
1615 2058 1690 2087 Nihil
1714 2058 1749 2088 de
1774 2059 1826 2088 hac

140 2121 171 2141 re
195 2111 271 2151 apud
296 2112 440 2142 Baiterum
464 2117 513 2143 aut
534 2113 678 2143 Ritterum
704 2113 841 2143 invenies.
887 2113 1073 2152 Aliquantum
1099 2114 1195 2143 differt
1218 2118 1353 2152 quartum
1379 2115 1543 2153 exemplum
1562 2115 1629 2143 hoc:
1654 2114 1704 2144 XII
1721 2115 1769 2149 54,
1789 2115 1825 2144 10

143 2173 299 2207 contemptu
322 2170 486 2207 regentium.
530 2169 571 2199 Ibi
595 2169 635 2199 illi
659 2169 832 2208 contemptuj
864 2169 894 2199 in
917 2169 1044 2199 Mediceo
1069 2170 1208 2209 scriptum
1244 2179 1307 2199 esse
1334 2179 1478 2200 consensu
1514 2170 1651 2209 produnt.
1696 2169 1825 2206 Minime,

146 2233 216 2254 nam
241 2229 308 2263 post
331 2229 487 2263 contemptu
509 2225 589 2255 nullo
614 2225 761 2255 intervallo
785 2225 924 2264 aspicitur
945 2235 961 2255 r
984 2225 1077 2255 littera
1101 2234 1191 2264 eaque
1219 2235 1272 2255 nec
1296 2229 1354 2255 tota
1379 2235 1514 2266 expressa
1538 2227 1632 2265 (deest
1654 2226 1730 2255 enim
1755 2227 1825 2256 dex—

141 2284 202 2309 tera
227 2283 304 2319 pars)
329 2285 358 2309 et
381 2280 485 2310 lineola
509 2290 524 2310 a
547 2282 664 2312 sinistra
688 2286 769 2320 parte
791 2281 925 2312 adiuncta
949 2282 1051 2311 deleta.
1097 2281 1178 2312 Hanc
1199 2285 1297 2311 autem
1320 2281 1444 2312 litteram
1469 2283 1602 2312 librarius
1626 2291 1684 2311 non
1708 2282 1826 2312 absolu-

142 2340 200 2365 tam
223 2340 377 2375 propterea
402 2336 517 2371 delevit,
540 2338 605 2376 quia
629 2347 704 2367 novo
728 2337 884 2376 incipiente
907 2337 1046 2367 vocabulo
1070 2336 1253 2376 (reyentium)
1287 2337 1435 2367 intervallo
1470 2348 1542 2377 opus
1577 2347 1640 2367 esse
1674 2338 1824 2368 intellexit.

143 2391 168 2421 Is
185 2401 300 2430 quoque
317 2392 423 2422 diversi
441 2393 554 2431 generis
578 2402 659 2423 error
682 2398 735 2428 est,
759 2402 844 2432 quem
869 2393 1003 2423 librarius
1026 2397 1055 2423 et
1078 2393 1195 2423 admisit
1219 2397 1247 2423 et
1270 2394 1404 2429 correxit,
1429 2403 1495 2423 cum
1512 2393 1562 2423 XII
1580 2393 1627 2428 35,
1645 2393 1662 2421 2
1687 2394 1826 2425 scriberet

143 2448 270 2478 additum
293 2458 311 2478 a
333 2448 439 2478 vallum
463 2453 549 2488 atque
572 2449 697 2480 litteram
721 2459 738 2478 a
761 2449 864 2479 lineola
889 2450 1005 2480 deleret.
1051 2450 1161 2489 Nempe
1183 2450 1311 2480 additum
1339 2460 1391 2489 per
1414 2459 1543 2479 errorem
1568 2449 1673 2479 iterum
1698 2450 1825 2479 scribere

144 2509 286 2542 coeperat.
331 2504 384 2533 Hic
407 2514 524 2543 quoque
545 2505 625 2535 locus
650 2515 664 2534 a
682 2505 712 2534 B.
729 2510 757 2534 et
775 2505 806 2534 R.
831 2506 1056 2544 praetermissus
1079 2510 1123 2534 est
1147 2515 1200 2535 nec
1223 2506 1313 2544 magis
1337 2506 1375 2535 illi
1401 2506 1534 2534 viderunt
1558 2505 1609 2534 XII
1626 2506 1675 2541 63,
1692 2506 1710 2536 8
1733 2507 1825 2545 scrip-

144 2564 206 2589 tum
230 2569 294 2589 esse
317 2560 346 2588 in
364 2559 494 2589 Mediceo
519 2560 745 2600 obliquisssubter
769 2562 861 2592 undas
882 2564 968 2596 saxis,
993 2561 1069 2600 quod
1095 2561 1260 2601 exemplum
1286 2570 1406 2601 prorsus
1429 2561 1524 2591 simile
1547 2561 1655 2591 accedit
1679 2561 1729 2597 eis,
1752 2571 1825 2601 quae

196 2614 276 2634 Askan.
291 2613 367 2639 Gymn.
382 2616 440 2635 1892.
1617 2621 1632 2646 2
