<?xml version="1.0" encoding="UTF-8"?>
<!DOCTYPE html PUBLIC "-//W3C//DTD XHTML 1.0 Transitional//EN"
    "http://www.w3.org/TR/xhtml1/DTD/xhtml1-transitional.dtd">
<html xmlns="http://www.w3.org/1999/xhtml" xml:lang="en" lang="en">
 <head>
  <title>
</title>
<meta http-equiv="Content-Type" content="text/html;charset=utf-8" />
  <meta name='ocr-system' content='tesseract 3.04.00' />
  <meta name='ocr-capabilities' content='ocr_page ocr_carea ocr_par ocr_line ocrx_word'/>
</head>
<body>
  <div class='ocr_page' id='page_1' title='image "./decodicibusmedic00andruoft_0018.png"; bbox 0 0 2060 2891; ppageno 0'>
   <div class='ocr_carea' id='block_1_1' title="bbox 960 221 1178 252">
    <p class='ocr_par' dir='ltr' id='par_1_1' title="bbox 960 221 1178 252">
     <span class='ocr_line' id='line_1_1' title="bbox 960 221 1178 252; baseline -0.005 -8"><span class='ocrx_word' id='word_1_1' title='bbox 960 221 1178 252; x_wconf 72' lang='lat'>-16-.</span> 
     </span>
    </p>
   </div>
   <div class='ocr_carea' id='block_1_2' title="bbox 224 309 1917 2654">
    <p class='ocr_par' dir='ltr' id='par_1_2' title="bbox 231 309 1917 576">
     <span class='ocr_line' id='line_1_2' title="bbox 231 309 1915 355; baseline -0.002 -10"><span class='ocrx_word' id='word_1_2' title='bbox 231 317 334 355; x_wconf 78' lang='lat' dir='ltr'>spernit</span> <span class='ocrx_word' id='word_1_3' title='bbox 357 315 508 353; x_wconf 62' lang='lat' dir='ltr'>religiones.</span> <span class='ocrx_word' id='word_1_4' title='bbox 555 312 689 341; x_wconf 79' lang='lat' dir='ltr'>Fortasse</span> <span class='ocrx_word' id='word_1_5' title='bbox 713 320 743 340; x_wconf 83' lang='lat' dir='ltr'>re</span> <span class='ocrx_word' id='word_1_6' title='bbox 767 310 845 345; x_wconf 80' lang='lat' dir='ltr'>illud,</span> <span class='ocrx_word' id='word_1_7' title='bbox 870 319 935 340; x_wconf 90' lang='lat' dir='ltr'>cum</span> <span class='ocrx_word' id='word_1_8' title='bbox 961 319 1012 349; x_wconf 88' lang='lat' dir='ltr'>per</span> <span class='ocrx_word' id='word_1_9' title='bbox 1036 319 1166 340; x_wconf 87' lang='lat' dir='ltr'>errorem</span> <span class='ocrx_word' id='word_1_10' title='bbox 1185 309 1327 339; x_wconf 88' lang='lat' dir='ltr'>omissum</span> <span class='ocrx_word' id='word_1_11' title='bbox 1344 312 1372 338; x_wconf 82' lang='lat' dir='ltr'>et</span> <span class='ocrx_word' id='word_1_12' title='bbox 1390 309 1416 338; x_wconf 88' lang='lat' dir='ltr'>in</span> <span class='ocrx_word' id='word_1_13' title='bbox 1436 309 1565 348; x_wconf 81' lang='lat' dir='ltr'>margine</span> <span class='ocrx_word' id='word_1_14' title='bbox 1582 310 1760 349; x_wconf 85' lang='lat' dir='ltr'>adscriptum</span> <span class='ocrx_word' id='word_1_15' title='bbox 1779 316 1864 346; x_wconf 66' lang='lat' dir='ltr'>esset,</span> <span class='ocrx_word' id='word_1_16' title='bbox 1886 312 1915 342; x_wconf 91' lang='lat' dir='ltr'>in</span> 
     </span>
     <span class='ocr_line' id='line_1_3' title="bbox 232 365 1915 405; baseline -0.002 -4"><span class='ocrx_word' id='word_1_17' title='bbox 232 372 335 401; x_wconf 82' lang='lat' dir='ltr'>falsum</span> <span class='ocrx_word' id='word_1_18' title='bbox 352 372 445 401; x_wconf 86' lang='lat' dir='ltr'>locum</span> <span class='ocrx_word' id='word_1_19' title='bbox 463 370 590 399; x_wconf 87' lang='lat' dir='ltr'>delatum</span> <span class='ocrx_word' id='word_1_20' title='bbox 608 373 660 398; x_wconf 89' lang='lat' dir='ltr'>est.</span> <span class='ocrx_word' id='word_1_21' title='bbox 708 367 854 397; x_wconf 82' lang='lat' dir='ltr'><strong>Librarius</strong></span> <span class='ocrx_word' id='word_1_22' title='bbox 872 366 949 396; x_wconf 90' lang='lat' dir='ltr'>enim</span> <span class='ocrx_word' id='word_1_23' title='bbox 968 366 1074 405; x_wconf 86' lang='lat' dir='ltr'>duplici</span> <span class='ocrx_word' id='word_1_24' title='bbox 1092 366 1139 395; x_wconf 91' lang='lat' dir='ltr'>illo</span> <span class='ocrx_word' id='word_1_25' title='bbox 1156 367 1262 404; x_wconf 78' lang='lat' dir='ltr'>spernit</span> <span class='ocrx_word' id='word_1_26' title='bbox 1282 365 1324 404; x_wconf 88' lang='lat' dir='ltr'>(et</span> <span class='ocrx_word' id='word_1_27' title='bbox 1341 369 1499 405; x_wconf 89' lang='lat' dir='ltr'>utrumque</span> <span class='ocrx_word' id='word_1_28' title='bbox 1515 366 1634 396; x_wconf 89' lang='lat' dir='ltr'>verbum</span> <span class='ocrx_word' id='word_1_29' title='bbox 1652 366 1680 396; x_wconf 93' lang='lat' dir='ltr'>in</span> <span class='ocrx_word' id='word_1_30' title='bbox 1697 366 1771 397; x_wconf 87' lang='lat' dir='ltr'>libro</span> <span class='ocrx_word' id='word_1_31' title='bbox 1788 367 1915 398; x_wconf 85' lang='lat' dir='ltr'>Mediceo</span> 
     </span>
     <span class='ocr_line' id='line_1_4' title="bbox 232 422 1917 464; baseline -0.001 -7"><span class='ocrx_word' id='word_1_32' title='bbox 232 428 332 457; x_wconf 89' lang='lat' dir='ltr'>eodem</span> <span class='ocrx_word' id='word_1_33' title='bbox 359 435 455 456; x_wconf 88' lang='lat' dir='ltr'>versus</span> <span class='ocrx_word' id='word_1_34' title='bbox 479 425 541 454; x_wconf 90' lang='lat' dir='ltr'>loco</span> <span class='ocrx_word' id='word_1_35' title='bbox 566 425 695 464; x_wconf 87' lang='lat' dir='ltr'>positum</span> <span class='ocrx_word' id='word_1_36' title='bbox 714 426 768 459; x_wconf 80' lang='lat' dir='ltr'>est)</span> <span class='ocrx_word' id='word_1_37' title='bbox 787 424 925 463; x_wconf 86' lang='lat' dir='ltr'>deceptus</span> <span class='ocrx_word' id='word_1_38' title='bbox 943 429 997 453; x_wconf 87' lang='lat' dir='ltr'>est.</span> <span class='ocrx_word' id='word_1_39' title='bbox 1043 422 1098 452; x_wconf 85' lang='lat' dir='ltr'>Sed</span> <span class='ocrx_word' id='word_1_40' title='bbox 1117 423 1188 452; x_wconf 86' lang='lat' dir='ltr'>haec</span> <span class='ocrx_word' id='word_1_41' title='bbox 1204 422 1372 452; x_wconf 87' lang='lat' dir='ltr'>coniectura</span> <span class='ocrx_word' id='word_1_42' title='bbox 1389 431 1425 452; x_wconf 89' lang='lat' dir='ltr'>ne</span> <span class='ocrx_word' id='word_1_43' title='bbox 1442 422 1512 452; x_wconf 90' lang='lat' dir='ltr'>mihi</span> <span class='ocrx_word' id='word_1_44' title='bbox 1528 423 1583 462; x_wconf 90' lang='lat' dir='ltr'>ipsi</span> <span class='ocrx_word' id='word_1_45' title='bbox 1599 423 1719 462; x_wconf 87' lang='lat' dir='ltr'>quidem</span> <span class='ocrx_word' id='word_1_46' title='bbox 1736 424 1807 454; x_wconf 84' lang='lat' dir='ltr'>satis</span> <span class='ocrx_word' id='word_1_47' title='bbox 1823 424 1917 464; x_wconf 88' lang='lat' dir='ltr'>placet</span> 
     </span>
     <span class='ocr_line' id='line_1_5' title="bbox 232 478 1915 520; baseline -0.001 -7"><span class='ocrx_word' id='word_1_48' title='bbox 232 485 321 519; x_wconf 89' lang='lat' dir='ltr'>(caret</span> <span class='ocrx_word' id='word_1_49' title='bbox 337 483 411 512; x_wconf 89' lang='lat' dir='ltr'>enim</span> <span class='ocrx_word' id='word_1_50' title='bbox 429 481 611 520; x_wconf 76' lang='lat' dir='ltr'>simplicitate</span> <span class='ocrx_word' id='word_1_51' title='bbox 627 485 656 510; x_wconf 86' lang='lat' dir='ltr'>et</span> <span class='ocrx_word' id='word_1_52' title='bbox 672 480 759 511; x_wconf 88' lang='lat' dir='ltr'>habet</span> <span class='ocrx_word' id='word_1_53' title='bbox 775 479 881 518; x_wconf 84' lang='lat' dir='ltr'>aliquid</span> <span class='ocrx_word' id='word_1_54' title='bbox 895 479 1149 519; x_wconf 76' lang='lat' dir='ltr'>praestigiatorum</span> <span class='ocrx_word' id='word_1_55' title='bbox 1166 478 1276 508; x_wconf 88' lang='lat' dir='ltr'>artibus</span> <span class='ocrx_word' id='word_1_56' title='bbox 1291 478 1406 515; x_wconf 83' lang='lat' dir='ltr'>simile),</span> <span class='ocrx_word' id='word_1_57' title='bbox 1424 479 1592 518; x_wconf 89' lang='lat' dir='ltr'>praesertim</span> <span class='ocrx_word' id='word_1_58' title='bbox 1607 488 1674 509; x_wconf 91' lang='lat' dir='ltr'>cum</span> <span class='ocrx_word' id='word_1_59' title='bbox 1688 481 1834 511; x_wconf 86' lang='lat' dir='ltr'>contrario</span> <span class='ocrx_word' id='word_1_60' title='bbox 1846 481 1915 511; x_wconf 90' lang='lat' dir='ltr'>vitio</span> 
     </span>
     <span class='ocr_line' id='line_1_6' title="bbox 231 535 1915 576; baseline -0.001 -7"><span class='ocrx_word' id='word_1_61' title='bbox 231 540 260 569; x_wconf 89' lang='lat' dir='ltr'>in</span> <span class='ocrx_word' id='word_1_62' title='bbox 276 539 402 569; x_wconf 79' lang='lat' dir='ltr'>Mediceo</span> <span class='ocrx_word' id='word_1_63' title='bbox 419 538 512 576; x_wconf 84' lang='lat' dir='ltr'>primo</span> <span class='ocrx_word' id='word_1_64' title='bbox 526 537 562 567; x_wconf 87' lang='lat' dir='ltr'>III</span> <span class='ocrx_word' id='word_1_65' title='bbox 577 537 626 572; x_wconf 71' lang='lat'>43,</span> <span class='ocrx_word' id='word_1_66' title='bbox 640 538 657 566; x_wconf 83' lang='lat'><strong>7</strong></span> <span class='ocrx_word' id='word_1_67' title='bbox 674 537 863 575; x_wconf 64' lang='lat' dir='ltr'>relzyionariis</span> <span class='ocrx_word' id='word_1_68' title='bbox 878 536 1020 574; x_wconf 88' lang='lat' dir='ltr'>scriptum</span> <span class='ocrx_word' id='word_1_69' title='bbox 1038 535 1076 564; x_wconf 84' lang='lat' dir='ltr'>sit</span> <span class='ocrx_word' id='word_1_70' title='bbox 1089 543 1141 574; x_wconf 89' lang='lat' dir='ltr'>pro</span> <span class='ocrx_word' id='word_1_71' title='bbox 1156 535 1331 574; x_wconf 66' lang='lat' dir='ltr'>legionariz&#39;s;</span> <span class='ocrx_word' id='word_1_72' title='bbox 1348 535 1403 564; x_wconf 89' lang='lat' dir='ltr'>hoc</span> <span class='ocrx_word' id='word_1_73' title='bbox 1420 535 1496 564; x_wconf 86' lang='lat' dir='ltr'>dico:</span> <span class='ocrx_word' id='word_1_74' title='bbox 1513 544 1648 575; x_wconf 82' lang='lat' dir='ltr'>prospera</span> <span class='ocrx_word' id='word_1_75' title='bbox 1664 546 1729 566; x_wconf 86' lang='lat' dir='ltr'>esse</span> <span class='ocrx_word' id='word_1_76' title='bbox 1746 537 1915 567; x_wconf 86' lang='lat' dir='ltr'>tenendum.</span> 
     </span>
    </p>

    <p class='ocr_par' dir='ltr' id='par_1_3' title="bbox 227 591 1917 1194">
     <span class='ocr_line' id='line_1_7' title="bbox 372 591 1915 631; baseline 0 -8"><span class='ocrx_word' id='word_1_77' title='bbox 372 594 432 623; x_wconf 84' lang='lat' dir='ltr'>XVI</span> <span class='ocrx_word' id='word_1_78' title='bbox 450 593 499 628; x_wconf 79' lang='lat'>34,</span> <span class='ocrx_word' id='word_1_79' title='bbox 516 593 533 623; x_wconf 90' lang='grc'><strong>3</strong></span> <span class='ocrx_word' id='word_1_80' title='bbox 559 593 686 623; x_wconf 77' lang='lat' dir='ltr'>editores</span> <span class='ocrx_word' id='word_1_81' title='bbox 710 593 755 623; x_wconf 88' lang='lat' dir='ltr'>alii</span> <span class='ocrx_word' id='word_1_82' title='bbox 774 597 866 622; x_wconf 78' lang='lat' dir='ltr'>coetus</span> <span class='ocrx_word' id='word_1_83' title='bbox 887 593 1056 631; x_wconf 77' lang='lat' dir='ltr'>frequentes.</span> <span class='ocrx_word' id='word_1_84' title='bbox 1080 591 1126 621; x_wconf 89' lang='lat' dir='ltr'>alii</span> <span class='ocrx_word' id='word_1_85' title='bbox 1151 596 1258 621; x_wconf 82' lang='lat' dir='ltr'>coetum</span> <span class='ocrx_word' id='word_1_86' title='bbox 1273 592 1449 630; x_wconf 78' lang='lat' dir='ltr'><strong><em>frequentem</em></strong></span> <span class='ocrx_word' id='word_1_87' title='bbox 1467 591 1614 627; x_wconf 86' lang='lat' dir='ltr'>scribunt;</span> <span class='ocrx_word' id='word_1_88' title='bbox 1638 592 1668 622; x_wconf 88' lang='lat' dir='ltr'>in</span> <span class='ocrx_word' id='word_1_89' title='bbox 1691 592 1819 622; x_wconf 88' lang='lat' dir='ltr'>Mediceo</span> <span class='ocrx_word' id='word_1_90' title='bbox 1836 594 1915 623; x_wconf 91' lang='lat' dir='ltr'>enim</span> 
     </span>
     <span class='ocr_line' id='line_1_8' title="bbox 231 647 1916 689; baseline -0.001 -8"><span class='ocrx_word' id='word_1_91' title='bbox 231 657 322 681; x_wconf 79' lang='lat' dir='ltr'>caetus</span> <span class='ocrx_word' id='word_1_92' title='bbox 343 651 519 689; x_wconf 78' lang='lat' dir='ltr'><em>frequentem</em></span> <span class='ocrx_word' id='word_1_93' title='bbox 543 659 607 679; x_wconf 87' lang='lat' dir='ltr'>esse</span> <span class='ocrx_word' id='word_1_94' title='bbox 631 650 738 679; x_wconf 86' lang='lat' dir='ltr'>dicunt.</span> <span class='ocrx_word' id='word_1_95' title='bbox 786 649 890 678; x_wconf 85' lang='lat' dir='ltr'>Parum</span> <span class='ocrx_word' id='word_1_96' title='bbox 915 652 1047 677; x_wconf 82' lang='lat' dir='ltr'>accurate</span> <span class='ocrx_word' id='word_1_97' title='bbox 1072 647 1100 677; x_wconf 92' lang='lat' dir='ltr'>id</span> <span class='ocrx_word' id='word_1_98' title='bbox 1127 647 1254 686; x_wconf 88' lang='lat' dir='ltr'>quidem.</span> <span class='ocrx_word' id='word_1_99' title='bbox 1300 647 1372 676; x_wconf 85' lang='lat' dir='ltr'>Nam</span> <span class='ocrx_word' id='word_1_100' title='bbox 1402 647 1534 677; x_wconf 86' lang='lat' dir='ltr'>librarius</span> <span class='ocrx_word' id='word_1_101' title='bbox 1565 657 1631 677; x_wconf 92' lang='lat' dir='ltr'>cum</span> <span class='ocrx_word' id='word_1_102' title='bbox 1661 648 1827 687; x_wconf 88' lang='lat' dir='ltr'>scripsisset</span> <span class='ocrx_word' id='word_1_103' title='bbox 1852 650 1916 688; x_wconf 87' lang='lat' dir='ltr'>fre-</span> 
     </span>
     <span class='ocr_line' id='line_1_9' title="bbox 230 703 1917 747; baseline -0.001 -10"><span class='ocrx_word' id='word_1_104' title='bbox 230 713 341 747; x_wconf 79' lang='lat' dir='ltr'>quenter</span> <span class='ocrx_word' id='word_1_105' title='bbox 364 712 464 746; x_wconf 76' lang='lat' dir='ltr'>eyerat.</span> <span class='ocrx_word' id='word_1_106' title='bbox 489 707 576 745; x_wconf 90' lang='lat' dir='ltr'>idque</span> <span class='ocrx_word' id='word_1_107' title='bbox 600 706 647 739; x_wconf 81' lang='lat' dir='ltr'>ita.</span> <span class='ocrx_word' id='word_1_108' title='bbox 673 712 703 736; x_wconf 89' lang='lat' dir='ltr'>ut</span> <span class='ocrx_word' id='word_1_109' title='bbox 726 705 861 744; x_wconf 69' lang='lat' dir='ltr'>syllabam</span> <span class='ocrx_word' id='word_1_110' title='bbox 887 710 929 734; x_wconf 81' lang='lat' dir='ltr'>ter</span> <span class='ocrx_word' id='word_1_111' title='bbox 952 705 1045 734; x_wconf 87' lang='lat' dir='ltr'>littera</span> <span class='ocrx_word' id='word_1_112' title='bbox 1069 710 1078 733; x_wconf 88' lang='lat' dir='ltr'>t</span> <span class='ocrx_word' id='word_1_113' title='bbox 1102 703 1284 743; x_wconf 86' lang='lat' dir='ltr'>supraposita</span> <span class='ocrx_word' id='word_1_114' title='bbox 1308 703 1390 737; x_wconf 70' lang='lat' dir='ltr'>tinea,</span> <span class='ocrx_word' id='word_1_115' title='bbox 1419 708 1451 733; x_wconf 88' lang='lat' dir='ltr'>ut</span> <span class='ocrx_word' id='word_1_116' title='bbox 1475 704 1656 743; x_wconf 83' lang='lat' dir='ltr'>plerumque,</span> <span class='ocrx_word' id='word_1_117' title='bbox 1685 705 1863 743; x_wconf 85' lang='lat' dir='ltr'>signiticaret</span> <span class='ocrx_word' id='word_1_118' title='bbox 1885 715 1917 735; x_wconf 91' lang='lat' dir='ltr'>ac</span> 
     </span>
     <span class='ocr_line' id='line_1_10' title="bbox 230 759 1917 802; baseline -0.001 -9"><span class='ocrx_word' id='word_1_119' title='bbox 230 773 349 793; x_wconf 87' lang='lat' dir='ltr'>vacuum</span> <span class='ocrx_word' id='word_1_120' title='bbox 374 763 500 802; x_wconf 84' lang='lat' dir='ltr'>spatium</span> <span class='ocrx_word' id='word_1_121' title='bbox 524 762 601 792; x_wconf 87' lang='lat' dir='ltr'>inter</span> <span class='ocrx_word' id='word_1_122' title='bbox 625 767 783 799; x_wconf 89' lang='lat' dir='ltr'>utrumque</span> <span class='ocrx_word' id='word_1_123' title='bbox 817 760 989 790; x_wconf 89' lang='lat' dir='ltr'>vocabulum</span> <span class='ocrx_word' id='word_1_124' title='bbox 1020 760 1208 798; x_wconf 71' lang='lat' dir='ltr'>relinqueret,</span> <span class='ocrx_word' id='word_1_125' title='bbox 1245 768 1309 788; x_wconf 79' lang='lat' dir='ltr'>mox</span> <span class='ocrx_word' id='word_1_126' title='bbox 1342 759 1496 798; x_wconf 84' lang='lat' dir='ltr'>(inspecto,</span> <span class='ocrx_word' id='word_1_127' title='bbox 1531 764 1563 789; x_wconf 85' lang='lat' dir='ltr'>ut</span> <span class='ocrx_word' id='word_1_128' title='bbox 1589 760 1713 794; x_wconf 87' lang='lat' dir='ltr'>videtur,</span> <span class='ocrx_word' id='word_1_129' title='bbox 1748 761 1917 800; x_wconf 87' lang='lat' dir='ltr'>diligentius</span> 
     </span>
     <span class='ocr_line' id='line_1_11' title="bbox 230 815 1917 859; baseline -0.001 -10"><span class='ocrx_word' id='word_1_130' title='bbox 230 819 384 859; x_wconf 85' lang='lat' dir='ltr'>exemplari</span> <span class='ocrx_word' id='word_1_131' title='bbox 406 819 473 857; x_wconf 85' lang='lat' dir='ltr'>suo)</span> <span class='ocrx_word' id='word_1_132' title='bbox 498 819 605 849; x_wconf 85' lang='lat' dir='ltr'>lineam</span> <span class='ocrx_word' id='word_1_133' title='bbox 630 819 706 848; x_wconf 91' lang='lat' dir='ltr'>illam</span> <span class='ocrx_word' id='word_1_134' title='bbox 730 827 816 856; x_wconf 92' lang='lat' dir='ltr'>supra</span> <span class='ocrx_word' id='word_1_135' title='bbox 840 823 850 847; x_wconf 85' lang='lat' dir='ltr'>t</span> <span class='ocrx_word' id='word_1_136' title='bbox 873 816 998 856; x_wconf 82' lang='lat' dir='ltr'>positam</span> <span class='ocrx_word' id='word_1_137' title='bbox 1024 816 1129 854; x_wconf 81' lang='lat' dir='ltr'>virgula</span> <span class='ocrx_word' id='word_1_138' title='bbox 1155 816 1305 845; x_wconf 87' lang='lat' dir='ltr'>traiectam</span> <span class='ocrx_word' id='word_1_139' title='bbox 1336 816 1443 845; x_wconf 89' lang='lat' dir='ltr'>delevit</span> <span class='ocrx_word' id='word_1_140' title='bbox 1465 820 1495 845; x_wconf 88' lang='lat' dir='ltr'>et</span> <span class='ocrx_word' id='word_1_141' title='bbox 1524 815 1553 845; x_wconf 92' lang='lat' dir='ltr'>in</span> <span class='ocrx_word' id='word_1_142' title='bbox 1583 825 1672 846; x_wconf 90' lang='lat' dir='ltr'>vacuo</span> <span class='ocrx_word' id='word_1_143' title='bbox 1701 817 1796 856; x_wconf 89' lang='lat' dir='ltr'>spatio</span> <span class='ocrx_word' id='word_1_144' title='bbox 1828 817 1875 848; x_wconf 93' lang='lat' dir='ltr'>illo</span> <span class='ocrx_word' id='word_1_145' title='bbox 1903 827 1917 847; x_wconf 92' lang='lat' dir='ltr'>e</span> 
     </span>
     <span class='ocr_line' id='line_1_12' title="bbox 228 872 1917 914; baseline -0.001 -9"><span class='ocrx_word' id='word_1_146' title='bbox 228 885 291 905; x_wconf 90' lang='lat' dir='ltr'>cum</span> <span class='ocrx_word' id='word_1_147' title='bbox 316 876 398 914; x_wconf 85' lang='lat' dir='ltr'>signo</span> <span class='ocrx_word' id='word_1_148' title='bbox 420 885 447 905; x_wconf 87' lang='lat' dir='ltr'>m</span> <span class='ocrx_word' id='word_1_149' title='bbox 470 875 582 905; x_wconf 76' lang='lat' dir='ltr'>litterae</span> <span class='ocrx_word' id='word_1_150' title='bbox 605 875 712 914; x_wconf 86' lang='lat' dir='ltr'>posuit.</span> <span class='ocrx_word' id='word_1_151' title='bbox 759 873 834 913; x_wconf 85' lang='lat' dir='ltr'>Ergo</span> <span class='ocrx_word' id='word_1_152' title='bbox 856 875 1022 913; x_wconf 81' lang='lat' dir='ltr'>frequenter</span> <span class='ocrx_word' id='word_1_153' title='bbox 1040 873 1161 902; x_wconf 77' lang='lat' dir='ltr'>mutavit</span> <span class='ocrx_word' id='word_1_154' title='bbox 1178 873 1206 902; x_wconf 92' lang='lat' dir='ltr'>in</span> <span class='ocrx_word' id='word_1_155' title='bbox 1223 874 1407 911; x_wconf 78' lang='lat' dir='ltr'>frequentem.</span> <span class='ocrx_word' id='word_1_156' title='bbox 1454 872 1554 911; x_wconf 84' lang='lat' dir='ltr'>Itaque</span> <span class='ocrx_word' id='word_1_157' title='bbox 1578 872 1717 911; x_wconf 89' lang='lat' dir='ltr'>quoniam</span> <span class='ocrx_word' id='word_1_158' title='bbox 1740 874 1917 913; x_wconf 81' lang='lat' dir='ltr'>frequentem</span> 
     </span>
     <span class='ocr_line' id='line_1_13' title="bbox 228 929 1916 968; baseline -0.001 -7"><span class='ocrx_word' id='word_1_159' title='bbox 228 931 326 961; x_wconf 87' lang='lat' dir='ltr'>eadem</span> <span class='ocrx_word' id='word_1_160' title='bbox 352 941 457 961; x_wconf 85' lang='lat' dir='ltr'>manus</span> <span class='ocrx_word' id='word_1_161' title='bbox 481 931 662 961; x_wconf 79' lang='lat' dir='ltr'>correctione</span> <span class='ocrx_word' id='word_1_162' title='bbox 687 930 824 964; x_wconf 72' lang='lat' dir='ltr'>restituit,</span> <span class='ocrx_word' id='word_1_163' title='bbox 848 930 902 960; x_wconf 87' lang='lat' dir='ltr'>lioc</span> <span class='ocrx_word' id='word_1_164' title='bbox 926 934 1026 959; x_wconf 85' lang='lat' dir='ltr'>tenere</span> <span class='ocrx_word' id='word_1_165' title='bbox 1050 933 1079 959; x_wconf 87' lang='lat' dir='ltr'>et</span> <span class='ocrx_word' id='word_1_166' title='bbox 1102 934 1197 959; x_wconf 79' lang='lat' dir='ltr'>caetus</span> <span class='ocrx_word' id='word_1_167' title='bbox 1214 938 1265 968; x_wconf 92' lang='lat' dir='ltr'>pro</span> <span class='ocrx_word' id='word_1_168' title='bbox 1283 933 1389 958; x_wconf 79' lang='lat' dir='ltr'>coetum</span> <span class='ocrx_word' id='word_1_169' title='bbox 1406 937 1491 967; x_wconf 88' lang='lat' dir='ltr'>prave</span> <span class='ocrx_word' id='word_1_170' title='bbox 1509 929 1651 967; x_wconf 89' lang='lat' dir='ltr'>scriptum</span> <span class='ocrx_word' id='word_1_171' title='bbox 1669 938 1734 958; x_wconf 88' lang='lat' dir='ltr'>esse</span> <span class='ocrx_word' id='word_1_172' title='bbox 1750 929 1916 959; x_wconf 85' lang='lat' dir='ltr'>existimare</span> 
     </span>
     <span class='ocr_line' id='line_1_14' title="bbox 228 984 1917 1026; baseline -0.001 -9"><span class='ocrx_word' id='word_1_173' title='bbox 228 987 319 1017; x_wconf 88' lang='lat' dir='ltr'>satius</span> <span class='ocrx_word' id='word_1_174' title='bbox 344 992 388 1017; x_wconf 86' lang='lat' dir='ltr'>est</span> <span class='ocrx_word' id='word_1_175' title='bbox 411 997 498 1026; x_wconf 92' lang='lat' dir='ltr'>quam</span> <span class='ocrx_word' id='word_1_176' title='bbox 523 987 553 1016; x_wconf 91' lang='lat' dir='ltr'>in</span> <span class='ocrx_word' id='word_1_177' title='bbox 577 987 667 1025; x_wconf 81' lang='lat' dir='ltr'>ipsam</span> <span class='ocrx_word' id='word_1_178' title='bbox 693 986 904 1016; x_wconf 75' lang='lat' dir='ltr'>correctionem</span> <span class='ocrx_word' id='word_1_179' title='bbox 930 985 1031 1015; x_wconf 88' lang='lat' dir='ltr'>vitium</span> <span class='ocrx_word' id='word_1_180' title='bbox 1057 985 1214 1024; x_wconf 85' lang='lat' dir='ltr'>inrepsisse</span> <span class='ocrx_word' id='word_1_181' title='bbox 1238 989 1266 1014; x_wconf 90' lang='lat' dir='ltr'>et</span> <span class='ocrx_word' id='word_1_182' title='bbox 1289 990 1382 1014; x_wconf 78' lang='lat' dir='ltr'>caetus</span> <span class='ocrx_word' id='word_1_183' title='bbox 1404 984 1459 1022; x_wconf 82' lang='lat' dir='ltr'>(vel</span> <span class='ocrx_word' id='word_1_184' title='bbox 1476 987 1579 1020; x_wconf 72' lang='lat' dir='ltr'>coetus)</span> <span class='ocrx_word' id='word_1_185' title='bbox 1600 989 1677 1014; x_wconf 87' lang='lat' dir='ltr'>recte</span> <span class='ocrx_word' id='word_1_186' title='bbox 1694 985 1835 1024; x_wconf 87' lang='lat' dir='ltr'>scriptum</span> <span class='ocrx_word' id='word_1_187' title='bbox 1853 995 1917 1016; x_wconf 87' lang='lat' dir='ltr'>esse</span> 
     </span>
     <span class='ocr_line' id='line_1_15' title="bbox 228 1041 1916 1082; baseline -0.001 -9"><span class='ocrx_word' id='word_1_188' title='bbox 228 1044 353 1073; x_wconf 86' lang='lat' dir='ltr'>credere.</span> <span class='ocrx_word' id='word_1_189' title='bbox 400 1045 493 1082; x_wconf 84' lang='lat' dir='ltr'>Atque</span> <span class='ocrx_word' id='word_1_190' title='bbox 518 1044 604 1072; x_wconf 86' lang='lat' dir='ltr'>etiam</span> <span class='ocrx_word' id='word_1_191' title='bbox 629 1042 772 1072; x_wconf 85' lang='lat' dir='ltr'>sententia</span> <span class='ocrx_word' id='word_1_192' title='bbox 796 1042 858 1081; x_wconf 85' lang='lat' dir='ltr'>ipsa</span> <span class='ocrx_word' id='word_1_193' title='bbox 883 1042 1061 1081; x_wconf 83' lang='lat' dir='ltr'>singularem</span> <span class='ocrx_word' id='word_1_194' title='bbox 1085 1050 1243 1071; x_wconf 76' lang='lat' dir='ltr'>numerum</span> <span class='ocrx_word' id='word_1_195' title='bbox 1269 1041 1468 1076; x_wconf 86' lang='lat' dir='ltr'>commendat;</span> <span class='ocrx_word' id='word_1_196' title='bbox 1496 1041 1602 1080; x_wconf 90' lang='lat' dir='ltr'>quippe</span> <span class='ocrx_word' id='word_1_197' title='bbox 1627 1042 1713 1071; x_wconf 87' lang='lat' dir='ltr'>nnius</span> <span class='ocrx_word' id='word_1_198' title='bbox 1738 1041 1793 1071; x_wconf 90' lang='lat' dir='ltr'>diei</span> <span class='ocrx_word' id='word_1_199' title='bbox 1816 1046 1916 1072; x_wconf 85' lang='lat' dir='ltr'>coetus</span> 
     </span>
     <span class='ocr_line' id='line_1_16' title="bbox 229 1096 1916 1138; baseline 0 -9"><span class='ocrx_word' id='word_1_200' title='bbox 229 1100 418 1138; x_wconf 71' lang='lat' dir='ltr'>significatur,</span> <span class='ocrx_word' id='word_1_201' title='bbox 453 1108 506 1129; x_wconf 89' lang='lat' dir='ltr'>nec</span> <span class='ocrx_word' id='word_1_202' title='bbox 530 1109 601 1138; x_wconf 88' lang='lat' dir='ltr'>opus</span> <span class='ocrx_word' id='word_1_203' title='bbox 626 1103 669 1128; x_wconf 80' lang='lat' dir='ltr'>est</span> <span class='ocrx_word' id='word_1_204' title='bbox 694 1098 849 1137; x_wconf 80' lang='lat' dir='ltr'>Nipperdei</span> <span class='ocrx_word' id='word_1_205' title='bbox 881 1098 1080 1137; x_wconf 82' lang='lat' dir='ltr'>explicatione,</span> <span class='ocrx_word' id='word_1_206' title='bbox 1116 1096 1165 1136; x_wconf 90' lang='lat' dir='ltr'>qui</span> <span class='ocrx_word' id='word_1_207' title='bbox 1194 1097 1299 1136; x_wconf 83' lang='lat' dir='ltr'>plurali</span> <span class='ocrx_word' id='word_1_208' title='bbox 1327 1106 1452 1127; x_wconf 87' lang='lat' dir='ltr'>numero</span> <span class='ocrx_word' id='word_1_209' title='bbox 1480 1097 1575 1127; x_wconf 87' lang='lat' dir='ltr'>varios</span> <span class='ocrx_word' id='word_1_210' title='bbox 1605 1097 1728 1128; x_wconf 88' lang='lat' dir='ltr'>circulos</span> <span class='ocrx_word' id='word_1_211' title='bbox 1761 1098 1916 1137; x_wconf 78' lang='lat' dir='ltr'>significari</span> 
     </span>
     <span class='ocr_line' id='line_1_17' title="bbox 227 1154 840 1194; baseline -0.003 -9"><span class='ocrx_word' id='word_1_212' title='bbox 227 1156 301 1189; x_wconf 88' lang='lat' dir='ltr'>dicit,</span> <span class='ocrx_word' id='word_1_213' title='bbox 326 1156 353 1185; x_wconf 93' lang='lat' dir='ltr'>in</span> <span class='ocrx_word' id='word_1_214' title='bbox 378 1165 451 1194; x_wconf 91' lang='lat' dir='ltr'>quos</span> <span class='ocrx_word' id='word_1_215' title='bbox 475 1159 575 1185; x_wconf 87' lang='lat' dir='ltr'>coetus</span> <span class='ocrx_word' id='word_1_216' title='bbox 599 1155 644 1184; x_wconf 92' lang='lat' dir='ltr'>ille</span> <span class='ocrx_word' id='word_1_217' title='bbox 667 1154 840 1184; x_wconf 81' lang='lat' dir='ltr'>discedebat.</span> 
     </span>
    </p>

    <p class='ocr_par' dir='ltr' id='par_1_4' title="bbox 224 1209 1916 2654">
     <span class='ocr_line' id='line_1_18' title="bbox 368 1209 1915 1251; baseline 0 -10"><span class='ocrx_word' id='word_1_218' title='bbox 368 1211 539 1250; x_wconf 87' lang='lat' dir='ltr'>Sequuntur</span> <span class='ocrx_word' id='word_1_219' title='bbox 562 1211 645 1251; x_wconf 90' lang='lat' dir='ltr'>pauci</span> <span class='ocrx_word' id='word_1_220' title='bbox 669 1211 732 1245; x_wconf 79' lang='lat' dir='ltr'>loci,</span> <span class='ocrx_word' id='word_1_221' title='bbox 767 1211 817 1249; x_wconf 89' lang='lat' dir='ltr'>qui</span> <span class='ocrx_word' id='word_1_222' title='bbox 845 1210 995 1249; x_wconf 90' lang='lat' dir='ltr'>quomodo</span> <span class='ocrx_word' id='word_1_223' title='bbox 1023 1209 1225 1239; x_wconf 84' lang='lat' dir='ltr'>conformandi</span> <span class='ocrx_word' id='word_1_224' title='bbox 1248 1209 1316 1244; x_wconf 81' lang='lat' dir='ltr'>sint,</span> <span class='ocrx_word' id='word_1_225' title='bbox 1351 1209 1494 1239; x_wconf 89' lang='lat' dir='ltr'>incertum</span> <span class='ocrx_word' id='word_1_226' title='bbox 1527 1210 1588 1239; x_wconf 80' lang='lat' dir='ltr'>fere</span> <span class='ocrx_word' id='word_1_227' title='bbox 1616 1214 1669 1243; x_wconf 89' lang='lat' dir='ltr'>est,</span> <span class='ocrx_word' id='word_1_228' title='bbox 1704 1211 1850 1249; x_wconf 89' lang='lat' dir='ltr'>quomodo</span> <span class='ocrx_word' id='word_1_229' title='bbox 1884 1212 1915 1241; x_wconf 91' lang='lat' dir='ltr'>in</span> 
     </span>
     <span class='ocr_line' id='line_1_19' title="bbox 226 1264 1915 1306; baseline 0.001 -10"><span class='ocrx_word' id='word_1_230' title='bbox 226 1267 351 1298; x_wconf 81' lang='lat' dir='ltr'>Mediceo</span> <span class='ocrx_word' id='word_1_231' title='bbox 375 1267 440 1297; x_wconf 92' lang='lat' dir='ltr'>libri</span> <span class='ocrx_word' id='word_1_232' title='bbox 463 1267 563 1306; x_wconf 88' lang='lat' dir='ltr'>scripti</span> <span class='ocrx_word' id='word_1_233' title='bbox 587 1271 693 1299; x_wconf 86' lang='lat' dir='ltr'>essent.</span> <span class='ocrx_word' id='word_1_234' title='bbox 718 1267 813 1296; x_wconf 89' lang='lat' dir='ltr'>adhuc</span> <span class='ocrx_word' id='word_1_235' title='bbox 836 1266 1028 1296; x_wconf 86' lang='lat' dir='ltr'>nesciebatur.</span> <span class='ocrx_word' id='word_1_236' title='bbox 1077 1264 1192 1300; x_wconf 78' lang='lat' dir='ltr'>xt138,</span> <span class='ocrx_word' id='word_1_237' title='bbox 1214 1267 1248 1294; x_wconf 83' lang='lat'>10</span> <span class='ocrx_word' id='word_1_238' title='bbox 1274 1265 1404 1295; x_wconf 87' lang='lat' dir='ltr'>Baiterus</span> <span class='ocrx_word' id='word_1_239' title='bbox 1427 1267 1534 1296; x_wconf 66' lang='lat' dir='ltr'>nuituis</span> <span class='ocrx_word' id='word_1_240' title='bbox 1556 1272 1581 1296; x_wconf 84' lang='lat' dir='ltr'>ec</span> <span class='ocrx_word' id='word_1_241' title='bbox 1605 1266 1724 1296; x_wconf 79' lang='lat' dir='ltr'>castellis</span> <span class='ocrx_word' id='word_1_242' title='bbox 1751 1267 1854 1305; x_wconf 86' lang='lat' dir='ltr'>legisse</span> <span class='ocrx_word' id='word_1_243' title='bbox 1884 1278 1915 1298; x_wconf 87' lang='lat' dir='ltr'>se</span> 
     </span>
     <span class='ocr_line' id='line_1_20' title="bbox 226 1322 1914 1360; baseline 0.002 -9"><span class='ocrx_word' id='word_1_244' title='bbox 226 1323 363 1359; x_wconf 68' lang='lat' dir='ltr'>astirmat3</span> <span class='ocrx_word' id='word_1_245' title='bbox 387 1333 421 1353; x_wconf 86' lang='lat' dir='ltr'>ex</span> <span class='ocrx_word' id='word_1_246' title='bbox 445 1323 545 1353; x_wconf 74' lang='lat' dir='ltr'>stitteri</span> <span class='ocrx_word' id='word_1_247' title='bbox 566 1323 681 1353; x_wconf 79' lang='lat' dir='ltr'>silentio</span> <span class='ocrx_word' id='word_1_248' title='bbox 701 1332 760 1352; x_wconf 92' lang='lat' dir='ltr'>non</span> <span class='ocrx_word' id='word_1_249' title='bbox 783 1329 818 1356; x_wconf 82' lang='lat' dir='ltr'>et,</span> <span class='ocrx_word' id='word_1_250' title='bbox 842 1323 892 1352; x_wconf 84' lang='lat' dir='ltr'>sed</span> <span class='ocrx_word' id='word_1_251' title='bbox 917 1332 953 1352; x_wconf 78' lang='lat' dir='ltr'>ea:</span> <span class='ocrx_word' id='word_1_252' title='bbox 976 1322 1006 1351; x_wconf 89' lang='lat' dir='ltr'>in</span> <span class='ocrx_word' id='word_1_253' title='bbox 1026 1322 1122 1351; x_wconf 88' lang='lat' dir='ltr'>codice</span> <span class='ocrx_word' id='word_1_254' title='bbox 1139 1322 1281 1360; x_wconf 86' lang='lat' dir='ltr'>scriptum</span> <span class='ocrx_word' id='word_1_255' title='bbox 1299 1332 1362 1352; x_wconf 89' lang='lat' dir='ltr'>esse</span> <span class='ocrx_word' id='word_1_256' title='bbox 1378 1322 1513 1352; x_wconf 88' lang='lat' dir='ltr'>conicias.</span> <span class='ocrx_word' id='word_1_257' title='bbox 1560 1322 1629 1351; x_wconf 91' lang='lat' dir='ltr'>Vera</span> <span class='ocrx_word' id='word_1_258' title='bbox 1649 1322 1778 1353; x_wconf 87' lang='lat' dir='ltr'>Baiterus</span> <span class='ocrx_word' id='word_1_259' title='bbox 1794 1324 1914 1359; x_wconf 86' lang='lat' dir='ltr'>rettulit,</span> 
     </span>
     <span class='ocr_line' id='line_1_21' title="bbox 226 1378 1916 1417; baseline 0.001 -8"><span class='ocrx_word' id='word_1_260' title='bbox 226 1379 303 1409; x_wconf 91' lang='lat' dir='ltr'>unde</span> <span class='ocrx_word' id='word_1_261' title='bbox 327 1380 422 1410; x_wconf 85' lang='lat' dir='ltr'>oritur</span> <span class='ocrx_word' id='word_1_262' title='bbox 446 1379 596 1413; x_wconf 68' lang='lat' dir='ltr'>dubitatio,</span> <span class='ocrx_word' id='word_1_263' title='bbox 631 1388 667 1409; x_wconf 89' lang='lat' dir='ltr'>an</span> <span class='ocrx_word' id='word_1_264' title='bbox 692 1380 719 1408; x_wconf 92' lang='lat' dir='ltr'>in</span> <span class='ocrx_word' id='word_1_265' title='bbox 744 1379 882 1409; x_wconf 87' lang='lat' dir='ltr'>vocabulo</span> <span class='ocrx_word' id='word_1_266' title='bbox 905 1380 1011 1408; x_wconf 69' lang='lat' dir='ltr'>ieiuniis</span> <span class='ocrx_word' id='word_1_267' title='bbox 1035 1379 1094 1407; x_wconf 78' lang='lat' dir='ltr'>vitii</span> <span class='ocrx_word' id='word_1_268' title='bbox 1118 1378 1223 1417; x_wconf 85' lang='lat' dir='ltr'>aliquid</span> <span class='ocrx_word' id='word_1_269' title='bbox 1249 1378 1344 1411; x_wconf 83' lang='lat' dir='ltr'>lateat,</span> <span class='ocrx_word' id='word_1_270' title='bbox 1370 1378 1396 1407; x_wconf 89' lang='lat' dir='ltr'>id</span> <span class='ocrx_word' id='word_1_271' title='bbox 1425 1378 1501 1417; x_wconf 91' lang='lat' dir='ltr'>quod</span> <span class='ocrx_word' id='word_1_272' title='bbox 1527 1378 1657 1408; x_wconf 85' lang='lat' dir='ltr'>Faernus</span> <span class='ocrx_word' id='word_1_273' title='bbox 1687 1379 1809 1409; x_wconf 89' lang='lat' dir='ltr'>censuit.</span> <span class='ocrx_word' id='word_1_274' title='bbox 1856 1380 1916 1410; x_wconf 89' lang='lat' dir='ltr'>Hoc</span> 
     </span>
     <span class='ocr_line' id='line_1_22' title="bbox 226 1435 1914 1475; baseline 0.001 -11"><span class='ocrx_word' id='word_1_275' title='bbox 226 1445 342 1475; x_wconf 89' lang='lat' dir='ltr'>quoque</span> <span class='ocrx_word' id='word_1_276' title='bbox 365 1435 489 1466; x_wconf 87' lang='lat' dir='ltr'>dubitari</span> <span class='ocrx_word' id='word_1_277' title='bbox 514 1440 609 1473; x_wconf 83' lang='lat' dir='ltr'>potest</span> <span class='ocrx_word' id='word_1_278' title='bbox 632 1436 707 1464; x_wconf 84' lang='lat' dir='ltr'>sitne</span> <span class='ocrx_word' id='word_1_279' title='bbox 735 1441 814 1465; x_wconf 84' lang='lat' dir='ltr'>recte</span> <span class='ocrx_word' id='word_1_280' title='bbox 844 1436 985 1474; x_wconf 85' lang='lat' dir='ltr'>scriptum</span> <span class='ocrx_word' id='word_1_281' title='bbox 1016 1437 1159 1473; x_wconf 80' lang='lat' dir='ltr'>copiarum</span> <span class='ocrx_word' id='word_1_282' title='bbox 1194 1435 1337 1469; x_wconf 83' lang='lat' dir='ltr'>obsidioni,</span> <span class='ocrx_word' id='word_1_283' title='bbox 1371 1444 1444 1473; x_wconf 86' lang='lat' dir='ltr'>quae</span> <span class='ocrx_word' id='word_1_284' title='bbox 1478 1435 1563 1464; x_wconf 87' lang='lat' dir='ltr'>verba</span> <span class='ocrx_word' id='word_1_285' title='bbox 1599 1435 1622 1464; x_wconf 88' lang='lat' dir='ltr'>si</span> <span class='ocrx_word' id='word_1_286' title='bbox 1657 1435 1793 1467; x_wconf 88' lang='lat' dir='ltr'>abessent</span> <span class='ocrx_word' id='word_1_287' title='bbox 1827 1445 1914 1466; x_wconf 91' lang='lat' dir='ltr'>nemo</span> 
     </span>
     <span class='ocr_line' id='line_1_23' title="bbox 226 1490 1914 1531; baseline 0 -9"><span class='ocrx_word' id='word_1_288' title='bbox 226 1492 395 1531; x_wconf 79' lang='lat' dir='ltr'>requireret,</span> <span class='ocrx_word' id='word_1_289' title='bbox 420 1501 455 1521; x_wconf 89' lang='lat' dir='ltr'>an</span> <span class='ocrx_word' id='word_1_290' title='bbox 481 1494 624 1530; x_wconf 80' lang='lat' dir='ltr'>copiarum</span> <span class='ocrx_word' id='word_1_291' title='bbox 647 1493 789 1522; x_wconf 79' lang='lat' dir='ltr'>obsidione</span> <span class='ocrx_word' id='word_1_292' title='bbox 814 1492 866 1528; x_wconf 88' lang='lat' dir='ltr'>(sic</span> <span class='ocrx_word' id='word_1_293' title='bbox 890 1492 968 1521; x_wconf 88' lang='lat' dir='ltr'>enim</span> <span class='ocrx_word' id='word_1_294' title='bbox 993 1491 1150 1527; x_wconf 85' lang='lat' dir='ltr'>Mediceus)</span> <span class='ocrx_word' id='word_1_295' title='bbox 1176 1491 1267 1529; x_wconf 78' lang='lat' dir='ltr'>possit</span> <span class='ocrx_word' id='word_1_296' title='bbox 1290 1490 1327 1520; x_wconf 87' lang='lat' dir='ltr'>ita</span> <span class='ocrx_word' id='word_1_297' title='bbox 1353 1491 1421 1520; x_wconf 83' lang='lat' dir='ltr'>ferri</span> <span class='ocrx_word' id='word_1_298' title='bbox 1454 1496 1484 1520; x_wconf 91' lang='lat' dir='ltr'>ut</span> <span class='ocrx_word' id='word_1_299' title='bbox 1515 1491 1707 1530; x_wconf 83' lang='lat' dir='ltr'>coniungatur</span> <span class='ocrx_word' id='word_1_300' title='bbox 1738 1501 1803 1521; x_wconf 92' lang='lat' dir='ltr'>cum</span> <span class='ocrx_word' id='word_1_301' title='bbox 1834 1493 1914 1522; x_wconf 82' lang='lat' dir='ltr'>obcu-</span> 
     </span>
     <span class='ocr_line' id='line_1_24' title="bbox 225 1547 1912 1586; baseline 0.001 -8"><span class='ocrx_word' id='word_1_302' title='bbox 225 1549 355 1578; x_wconf 76' lang='lat' dir='ltr'>biu&#39;ssent:</span> <span class='ocrx_word' id='word_1_303' title='bbox 391 1549 433 1577; x_wconf 85' lang='lat' dir='ltr'>‘so</span> <span class='ocrx_word' id='word_1_304' title='bbox 469 1550 565 1577; x_wconf 67' lang='lat' dir='ltr'>waren</span> <span class='ocrx_word' id='word_1_305' title='bbox 592 1549 632 1578; x_wconf 82' lang='lat' dir='ltr'>sie</span> <span class='ocrx_word' id='word_1_306' title='bbox 661 1549 750 1578; x_wconf 85' lang='lat' dir='ltr'>durch</span> <span class='ocrx_word' id='word_1_307' title='bbox 783 1548 827 1578; x_wconf 89' lang='lat' dir='ltr'>die</span> <span class='ocrx_word' id='word_1_308' title='bbox 855 1548 981 1577; x_wconf 81' lang='lat' dir='ltr'>Blokade</span> <span class='ocrx_word' id='word_1_309' title='bbox 1009 1548 1087 1577; x_wconf 91' lang='lat' dir='ltr'>ihrer</span> <span class='ocrx_word' id='word_1_310' title='bbox 1115 1547 1234 1576; x_wconf 75' lang='lat' dir='ltr'>Vor··ate</span> <span class='ocrx_word' id='word_1_311' title='bbox 1268 1556 1303 1576; x_wconf 87' lang='lat' dir='ltr'>zu</span> <span class='ocrx_word' id='word_1_312' title='bbox 1332 1547 1451 1576; x_wconf 85' lang='lat' dir='ltr'>Grunde</span> <span class='ocrx_word' id='word_1_313' title='bbox 1478 1547 1644 1586; x_wconf 79' lang='lat' dir='ltr'>gegangen‘.</span> <span class='ocrx_word' id='word_1_314' title='bbox 1672 1565 1712 1568; x_wconf 97' lang='lat'><strong>—</strong></span> <span class='ocrx_word' id='word_1_315' title='bbox 1739 1547 1789 1577; x_wconf 77' lang='grc' dir='ltr'>ΧΠ</span> <span class='ocrx_word' id='word_1_316' title='bbox 1816 1548 1865 1583; x_wconf 82' lang='grc'>68,</span> <span class='ocrx_word' id='word_1_317' title='bbox 1895 1549 1912 1579; x_wconf 90' lang='grc'><strong>3</strong></span> 
     </span>
     <span class='ocr_line' id='line_1_25' title="bbox 225 1602 1913 1645; baseline 0.001 -12"><span class='ocrx_word' id='word_1_318' title='bbox 225 1609 346 1642; x_wconf 87' lang='lat' dir='ltr'>uterque</span> <span class='ocrx_word' id='word_1_319' title='bbox 370 1603 500 1643; x_wconf 86' lang='lat' dir='ltr'>priorum</span> <span class='ocrx_word' id='word_1_320' title='bbox 526 1604 592 1633; x_wconf 82' lang='lat' dir='ltr'>dum</span> <span class='ocrx_word' id='word_1_321' title='bbox 620 1614 664 1634; x_wconf 84' lang='lat' dir='ltr'>res</span> <span class='ocrx_word' id='word_1_322' title='bbox 693 1605 788 1643; x_wconf 80' lang='lat' dir='ltr'>forent</span> <span class='ocrx_word' id='word_1_323' title='bbox 815 1604 958 1644; x_wconf 77' lang='lat' dir='ltr'>firmando</span> <span class='ocrx_word' id='word_1_324' title='bbox 992 1604 1021 1633; x_wconf 90' lang='lat' dir='ltr'>in</span> <span class='ocrx_word' id='word_1_325' title='bbox 1045 1603 1173 1633; x_wconf 88' lang='lat' dir='ltr'>Mediceo</span> <span class='ocrx_word' id='word_1_326' title='bbox 1210 1603 1286 1641; x_wconf 77' lang='lat' dir='ltr'>legit.</span> <span class='ocrx_word' id='word_1_327' title='bbox 1311 1602 1412 1639; x_wconf 83' lang='lat' dir='ltr'>Falso;</span> <span class='ocrx_word' id='word_1_328' title='bbox 1448 1612 1514 1632; x_wconf 89' lang='lat' dir='ltr'>nam</span> <span class='ocrx_word' id='word_1_329' title='bbox 1550 1603 1636 1633; x_wconf 85' lang='lat' dir='ltr'>habet</span> <span class='ocrx_word' id='word_1_330' title='bbox 1670 1603 1758 1634; x_wconf 84' lang='lat' dir='ltr'>codex</span> <span class='ocrx_word' id='word_1_331' title='bbox 1793 1605 1913 1645; x_wconf 80' lang='lat' dir='ltr'>dumque</span> 
     </span>
     <span class='ocr_line' id='line_1_26' title="bbox 224 1659 1912 1699; baseline 0.002 -10"><span class='ocrx_word' id='word_1_332' title='bbox 224 1669 268 1689; x_wconf 87' lang='lat' dir='ltr'>res</span> <span class='ocrx_word' id='word_1_333' title='bbox 300 1661 395 1698; x_wconf 82' lang='lat' dir='ltr'>forent</span> <span class='ocrx_word' id='word_1_334' title='bbox 427 1660 577 1699; x_wconf 77' lang='lat' dir='ltr'>firmando.</span> <span class='ocrx_word' id='word_1_335' title='bbox 634 1661 664 1690; x_wconf 90' lang='lat' dir='ltr'>ln</span> <span class='ocrx_word' id='word_1_336' title='bbox 700 1661 840 1690; x_wconf 82' lang='lat' dir='ltr'>vocabulo</span> <span class='ocrx_word' id='word_1_337' title='bbox 872 1670 916 1691; x_wconf 88' lang='lat' dir='ltr'>res</span> <span class='ocrx_word' id='word_1_338' title='bbox 946 1660 1072 1690; x_wconf 87' lang='lat' dir='ltr'>litteram</span> <span class='ocrx_word' id='word_1_339' title='bbox 1107 1669 1120 1689; x_wconf 91' lang='lat' dir='ltr'>s</span> <span class='ocrx_word' id='word_1_340' title='bbox 1154 1659 1298 1694; x_wconf 80' lang='lat' dir='ltr'>librarius,</span> <span class='ocrx_word' id='word_1_341' title='bbox 1334 1659 1360 1688; x_wconf 89' lang='lat' dir='ltr'>id</span> <span class='ocrx_word' id='word_1_342' title='bbox 1393 1660 1470 1698; x_wconf 92' lang='lat' dir='ltr'>quod</span> <span class='ocrx_word' id='word_1_343' title='bbox 1505 1669 1593 1698; x_wconf 88' lang='lat' dir='ltr'>saepe</span> <span class='ocrx_word' id='word_1_344' title='bbox 1627 1659 1657 1689; x_wconf 89' lang='lat' dir='ltr'>in</span> <span class='ocrx_word' id='word_1_345' title='bbox 1691 1659 1733 1689; x_wconf 89' lang='lat' dir='ltr'>eis</span> <span class='ocrx_word' id='word_1_346' title='bbox 1766 1660 1912 1692; x_wconf 85' lang='lat' dir='ltr'>vocabulis</span> 
     </span>
     <span class='ocr_line' id='line_1_27' title="bbox 225 1715 1912 1755; baseline 0.001 -10"><span class='ocrx_word' id='word_1_347' title='bbox 225 1716 300 1751; x_wconf 76' lang='lat' dir='ltr'>fecit,</span> <span class='ocrx_word' id='word_1_348' title='bbox 324 1726 398 1755; x_wconf 88' lang='lat' dir='ltr'>quae</span> <span class='ocrx_word' id='word_1_349' title='bbox 422 1716 450 1745; x_wconf 91' lang='lat' dir='ltr'>in</span> <span class='ocrx_word' id='word_1_350' title='bbox 476 1716 550 1746; x_wconf 87' lang='lat' dir='ltr'>hanc</span> <span class='ocrx_word' id='word_1_351' title='bbox 579 1717 704 1746; x_wconf 90' lang='lat' dir='ltr'>litteram</span> <span class='ocrx_word' id='word_1_352' title='bbox 735 1717 883 1751; x_wconf 80' lang='lat' dir='ltr'>desinunt,</span> <span class='ocrx_word' id='word_1_353' title='bbox 914 1727 927 1746; x_wconf 92' lang='lat' dir='ltr'>e</span> <span class='ocrx_word' id='word_1_354' title='bbox 956 1717 1067 1746; x_wconf 85' lang='lat' dir='ltr'>litterae</span> <span class='ocrx_word' id='word_1_355' title='bbox 1096 1716 1240 1755; x_wconf 87' lang='lat' dir='ltr'>superiori</span> <span class='ocrx_word' id='word_1_356' title='bbox 1271 1716 1346 1754; x_wconf 88' lang='lat' dir='ltr'>parti</span> <span class='ocrx_word' id='word_1_357' title='bbox 1379 1715 1526 1751; x_wconf 81' lang='lat' dir='ltr'>a‹tiunxit;</span> <span class='ocrx_word' id='word_1_358' title='bbox 1563 1716 1635 1745; x_wconf 89' lang='lat' dir='ltr'>male</span> <span class='ocrx_word' id='word_1_359' title='bbox 1667 1716 1753 1755; x_wconf 86' lang='lat' dir='ltr'>igitur</span> <span class='ocrx_word' id='word_1_360' title='bbox 1784 1716 1912 1747; x_wconf 87' lang='lat' dir='ltr'>Halmius</span> 
     </span>
     <span class='ocr_line' id='line_1_28' title="bbox 225 1772 1912 1813; baseline 0.002 -12"><span class='ocrx_word' id='word_1_361' title='bbox 225 1780 254 1801; x_wconf 88' lang='lat' dir='ltr'>re</span> <span class='ocrx_word' id='word_1_362' title='bbox 279 1773 307 1802; x_wconf 92' lang='lat' dir='ltr'>in</span> <span class='ocrx_word' id='word_1_363' title='bbox 330 1782 374 1802; x_wconf 86' lang='lat' dir='ltr'>res</span> <span class='ocrx_word' id='word_1_364' title='bbox 397 1777 560 1802; x_wconf 84' lang='lat' dir='ltr'>correctum</span> <span class='ocrx_word' id='word_1_365' title='bbox 586 1782 649 1803; x_wconf 83' lang='lat' dir='ltr'>esse</span> <span class='ocrx_word' id='word_1_366' title='bbox 672 1773 742 1803; x_wconf 86' lang='lat' dir='ltr'>dicit</span> <span class='ocrx_word' id='word_1_367' title='bbox 765 1774 794 1803; x_wconf 92' lang='lat' dir='ltr'>in</span> <span class='ocrx_word' id='word_1_368' title='bbox 818 1779 959 1813; x_wconf 86' lang='lat' dir='ltr'>apparatu</span> <span class='ocrx_word' id='word_1_369' title='bbox 984 1773 1093 1802; x_wconf 80' lang='lat' dir='ltr'>critico.</span> <span class='ocrx_word' id='word_1_370' title='bbox 1140 1772 1242 1802; x_wconf 78' lang='lat' dir='ltr'>Forent</span> <span class='ocrx_word' id='word_1_371' title='bbox 1266 1772 1396 1802; x_wconf 87' lang='lat' dir='ltr'>Ritterus</span> <span class='ocrx_word' id='word_1_372' title='bbox 1420 1778 1499 1803; x_wconf 86' lang='lat' dir='ltr'>recte</span> <span class='ocrx_word' id='word_1_373' title='bbox 1523 1772 1592 1802; x_wconf 87' lang='lat' dir='ltr'>dicit</span> <span class='ocrx_word' id='word_1_374' title='bbox 1608 1773 1723 1811; x_wconf 88' lang='lat' dir='ltr'>punctis</span> <span class='ocrx_word' id='word_1_375' title='bbox 1739 1773 1912 1813; x_wconf 87' lang='lat' dir='ltr'>subscriptis</span> 
     </span>
     <span class='ocr_line' id='line_1_29' title="bbox 226 1828 1912 1868; baseline 0.002 -11"><span class='ocrx_word' id='word_1_376' title='bbox 226 1833 357 1858; x_wconf 88' lang='lat' dir='ltr'>notatum</span> <span class='ocrx_word' id='word_1_377' title='bbox 385 1838 451 1858; x_wconf 88' lang='lat' dir='ltr'>esse</span> <span class='ocrx_word' id='word_1_378' title='bbox 479 1838 567 1858; x_wconf 86' lang='lat' dir='ltr'>manu</span> <span class='ocrx_word' id='word_1_379' title='bbox 595 1830 768 1868; x_wconf 85' lang='lat' dir='ltr'>posteriore.</span> <span class='ocrx_word' id='word_1_380' title='bbox 821 1830 928 1859; x_wconf 88' lang='lat' dir='ltr'>Eadem</span> <span class='ocrx_word' id='word_1_381' title='bbox 961 1839 1066 1858; x_wconf 84' lang='lat' dir='ltr'>manus</span> <span class='ocrx_word' id='word_1_382' title='bbox 1096 1829 1125 1858; x_wconf 89' lang='lat' dir='ltr'>in</span> <span class='ocrx_word' id='word_1_383' title='bbox 1159 1828 1290 1867; x_wconf 85' lang='lat' dir='ltr'>margine</span> <span class='ocrx_word' id='word_1_384' title='bbox 1320 1828 1473 1867; x_wconf 87' lang='lat' dir='ltr'>adscripsit</span> <span class='ocrx_word' id='word_1_385' title='bbox 1499 1829 1526 1863; x_wconf 66' lang='lat' dir='ltr'>sl,</span> <span class='ocrx_word' id='word_1_386' title='bbox 1555 1829 1632 1867; x_wconf 89' lang='lat' dir='ltr'>quod</span> <span class='ocrx_word' id='word_1_387' title='bbox 1670 1838 1727 1867; x_wconf 92' lang='lat' dir='ltr'>quo</span> <span class='ocrx_word' id='word_1_388' title='bbox 1757 1829 1912 1868; x_wconf 86' lang='lat' dir='ltr'>pertineat,</span> 
     </span>
     <span class='ocr_line' id='line_1_30' title="bbox 227 1884 1912 1924; baseline 0.002 -11"><span class='ocrx_word' id='word_1_389' title='bbox 227 1885 333 1919; x_wconf 83' lang='lat' dir='ltr'>nescio,</span> <span class='ocrx_word' id='word_1_390' title='bbox 357 1885 412 1914; x_wconf 90' lang='lat' dir='ltr'>nisi</span> <span class='ocrx_word' id='word_1_391' title='bbox 436 1885 510 1914; x_wconf 86' lang='lat' dir='ltr'>forte</span> <span class='ocrx_word' id='word_1_392' title='bbox 534 1885 651 1915; x_wconf 73' lang='lat' dir='ltr'>verbum</span> <span class='ocrx_word' id='word_1_393' title='bbox 671 1886 786 1915; x_wconf 86' lang='lat' dir='ltr'>delendi</span> <span class='ocrx_word' id='word_1_394' title='bbox 802 1886 954 1924; x_wconf 81' lang='lat' dir='ltr'>significat.</span> <span class='ocrx_word' id='word_1_395' title='bbox 994 1885 1093 1924; x_wconf 88' lang='lat' dir='ltr'>Itaque</span> <span class='ocrx_word' id='word_1_396' title='bbox 1117 1885 1231 1914; x_wconf 88' lang='lat' dir='ltr'>videtur</span> <span class='ocrx_word' id='word_1_397' title='bbox 1253 1884 1407 1923; x_wconf 84' lang='lat' dir='ltr'>scripsisse</span> <span class='ocrx_word' id='word_1_398' title='bbox 1422 1884 1555 1914; x_wconf 89' lang='lat' dir='ltr'>Tacitus:</span> <span class='ocrx_word' id='word_1_399' title='bbox 1580 1885 1648 1914; x_wconf 80' lang='lat' dir='ltr'>dum</span> <span class='ocrx_word' id='word_1_400' title='bbox 1670 1894 1741 1924; x_wconf 79' lang='lat' dir='ltr'>quae</span> <span class='ocrx_word' id='word_1_401' title='bbox 1757 1894 1802 1915; x_wconf 90' lang='lat' dir='ltr'>res</span> <span class='ocrx_word' id='word_1_402' title='bbox 1816 1886 1912 1924; x_wconf 79' lang='lat' dir='ltr'>forent</span> 
     </span>
     <span class='ocr_line' id='line_1_31' title="bbox 225 1940 1913 1981; baseline 0.001 -11"><span class='ocrx_word' id='word_1_403' title='bbox 225 1941 367 1979; x_wconf 80' lang='lat' dir='ltr'>firmando</span> <span class='ocrx_word' id='word_1_404' title='bbox 389 1943 505 1981; x_wconf 79' lang='lat' dir='ltr'>imperio</span> <span class='ocrx_word' id='word_1_405' title='bbox 528 1941 646 1971; x_wconf 79' lang='lat' dir='ltr'>Neronis</span> <span class='ocrx_word' id='word_1_406' title='bbox 677 1946 892 1981; x_wconf 78' lang='lat' dir='ltr'>componuntur.</span> <span class='ocrx_word' id='word_1_407' title='bbox 937 1942 1120 1979; x_wconf 81' lang='lat' dir='ltr'>Quamquam</span> <span class='ocrx_word' id='word_1_408' title='bbox 1155 1950 1191 1970; x_wconf 92' lang='lat' dir='ltr'>ne</span> <span class='ocrx_word' id='word_1_409' title='bbox 1223 1949 1302 1970; x_wconf 91' lang='lat' dir='ltr'>nunc</span> <span class='ocrx_word' id='word_1_410' title='bbox 1329 1941 1446 1980; x_wconf 85' lang='lat' dir='ltr'>quidem</span> <span class='ocrx_word' id='word_1_411' title='bbox 1476 1941 1547 1970; x_wconf 86' lang='lat' dir='ltr'>haec</span> <span class='ocrx_word' id='word_1_412' title='bbox 1579 1940 1669 1979; x_wconf 83' lang='lat' dir='ltr'>magis</span> <span class='ocrx_word' id='word_1_413' title='bbox 1701 1940 1772 1970; x_wconf 83' lang='lat' dir='ltr'>milii</span> <span class='ocrx_word' id='word_1_414' title='bbox 1801 1941 1913 1980; x_wconf 87' lang='lat' dir='ltr'>placent</span> 
     </span>
     <span class='ocr_line' id='line_1_32' title="bbox 227 1996 1913 2037; baseline 0.001 -12"><span class='ocrx_word' id='word_1_415' title='bbox 227 2006 312 2035; x_wconf 89' lang='lat' dir='ltr'>quam</span> <span class='ocrx_word' id='word_1_416' title='bbox 337 1997 404 2027; x_wconf 91' lang='lat' dir='ltr'>olim</span> <span class='ocrx_word' id='word_1_417' title='bbox 429 1998 609 2037; x_wconf 84' lang='lat' dir='ltr'>placuerunt,</span> <span class='ocrx_word' id='word_1_418' title='bbox 633 2008 697 2028; x_wconf 88' lang='lat' dir='ltr'>cum</span> <span class='ocrx_word' id='word_1_419' title='bbox 722 1998 887 2028; x_wconf 89' lang='lat' dir='ltr'>conicerem</span> <span class='ocrx_word' id='word_1_420' title='bbox 911 1998 978 2026; x_wconf 80' lang='lat' dir='ltr'>dum</span> <span class='ocrx_word' id='word_1_421' title='bbox 1002 1998 1113 2037; x_wconf 81' lang='lat' dir='ltr'>reliqua</span> <span class='ocrx_word' id='word_1_422' title='bbox 1135 1997 1278 2036; x_wconf 78' lang='lat' dir='ltr'>firmando</span> <span class='ocrx_word' id='word_1_423' title='bbox 1302 2001 1331 2026; x_wconf 91' lang='lat' dir='ltr'>et</span> <span class='ocrx_word' id='word_1_424' title='bbox 1353 1997 1384 2026; x_wconf 89' lang='lat' dir='ltr'>in</span> <span class='ocrx_word' id='word_1_425' title='bbox 1413 2001 1492 2026; x_wconf 81' lang='lat' dir='ltr'>textu</span> <span class='ocrx_word' id='word_1_426' title='bbox 1523 1996 1660 2025; x_wconf 91' lang='lat' dir='ltr'>editionis</span> <span class='ocrx_word' id='word_1_427' title='bbox 1684 1996 1913 2035; x_wconf 85' lang='lat' dir='ltr'>Nipperdeianae</span> 
     </span>
     <span class='ocr_line' id='line_1_33' title="bbox 226 2052 1913 2092; baseline 0.001 -10"><span class='ocrx_word' id='word_1_428' title='bbox 226 2062 374 2091; x_wconf 89' lang='lat' dir='ltr'>ponerem.</span> <span class='ocrx_word' id='word_1_429' title='bbox 397 2071 438 2074; x_wconf 84' lang='lat'>—</span> <span class='ocrx_word' id='word_1_430' title='bbox 462 2053 526 2083; x_wconf 87' lang='lat' dir='ltr'>XIII</span> <span class='ocrx_word' id='word_1_431' title='bbox 548 2054 571 2087; x_wconf 90' lang='lat' dir='ltr'>l,</span> <span class='ocrx_word' id='word_1_432' title='bbox 592 2054 626 2082; x_wconf 79' lang='lat'>12</span> <span class='ocrx_word' id='word_1_433' title='bbox 651 2054 680 2084; x_wconf 86' lang='lat' dir='ltr'>B.</span> <span class='ocrx_word' id='word_1_434' title='bbox 705 2060 734 2085; x_wconf 85' lang='lat' dir='ltr'>et</span> <span class='ocrx_word' id='word_1_435' title='bbox 758 2055 789 2084; x_wconf 84' lang='lat' dir='ltr'>R.</span> <span class='ocrx_word' id='word_1_436' title='bbox 815 2054 844 2083; x_wconf 94' lang='lat' dir='ltr'>in</span> <span class='ocrx_word' id='word_1_437' title='bbox 869 2054 925 2083; x_wconf 89' lang='lat' dir='ltr'>line</span> <span class='ocrx_word' id='word_1_438' title='bbox 951 2054 1079 2083; x_wconf 82' lang='lat' dir='ltr'>vocabuli</span> <span class='ocrx_word' id='word_1_439' title='bbox 1103 2055 1217 2092; x_wconf 76' lang='lat' dir='ltr'>inpositi</span> <span class='ocrx_word' id='word_1_440' title='bbox 1237 2062 1326 2083; x_wconf 92' lang='lat' dir='ltr'>unam</span> <span class='ocrx_word' id='word_1_441' title='bbox 1350 2053 1475 2082; x_wconf 86' lang='lat' dir='ltr'>litteram</span> <span class='ocrx_word' id='word_1_442' title='bbox 1493 2062 1603 2082; x_wconf 82' lang='lat' dir='ltr'>erasani</span> <span class='ocrx_word' id='word_1_443' title='bbox 1621 2062 1685 2082; x_wconf 85' lang='lat' dir='ltr'>esse</span> <span class='ocrx_word' id='word_1_444' title='bbox 1702 2052 1810 2082; x_wconf 88' lang='lat' dir='ltr'>dicunt.</span> <span class='ocrx_word' id='word_1_445' title='bbox 1848 2053 1913 2083; x_wconf 84' lang='lat' dir='ltr'>Non</span> 
     </span>
     <span class='ocr_line' id='line_1_34' title="bbox 227 2108 1914 2149; baseline 0.001 -12"><span class='ocrx_word' id='word_1_446' title='bbox 227 2118 291 2143; x_wconf 78' lang='lat' dir='ltr'>una,</span> <span class='ocrx_word' id='word_1_447' title='bbox 315 2110 366 2139; x_wconf 89' lang='lat' dir='ltr'>sed</span> <span class='ocrx_word' id='word_1_448' title='bbox 390 2110 481 2144; x_wconf 77' lang='lat' dir='ltr'>duae3</span> <span class='ocrx_word' id='word_1_449' title='bbox 506 2118 560 2139; x_wconf 86' lang='lat' dir='ltr'>nec</span> <span class='ocrx_word' id='word_1_450' title='bbox 584 2110 669 2140; x_wconf 88' lang='lat' dir='ltr'>dubia</span> <span class='ocrx_word' id='word_1_451' title='bbox 693 2115 764 2140; x_wconf 88' lang='lat' dir='ltr'>suut</span> <span class='ocrx_word' id='word_1_452' title='bbox 787 2110 939 2149; x_wconf 89' lang='lat' dir='ltr'>utriusque</span> <span class='ocrx_word' id='word_1_453' title='bbox 964 2110 1076 2139; x_wconf 87' lang='lat' dir='ltr'>litterae</span> <span class='ocrx_word' id='word_1_454' title='bbox 1103 2110 1230 2148; x_wconf 78' lang='lat' dir='ltr'>vestigia.</span> <span class='ocrx_word' id='word_1_455' title='bbox 1275 2109 1346 2138; x_wconf 90' lang='lat' dir='ltr'>Nam</span> <span class='ocrx_word' id='word_1_456' title='bbox 1370 2113 1436 2138; x_wconf 87' lang='lat' dir='ltr'>ante</span> <span class='ocrx_word' id='word_1_457' title='bbox 1460 2109 1682 2141; x_wconf 77' lang='lat' dir='ltr'>correctionem,</span> <span class='ocrx_word' id='word_1_458' title='bbox 1697 2108 1838 2147; x_wconf 86' lang='lat' dir='ltr'>scriptum</span> <span class='ocrx_word' id='word_1_459' title='bbox 1858 2109 1914 2139; x_wconf 84' lang='lat' dir='ltr'>fuit</span> 
     </span>
     <span class='ocr_line' id='line_1_35' title="bbox 226 2164 1911 2206; baseline 0.001 -13"><span class='ocrx_word' id='word_1_460' title='bbox 226 2166 377 2203; x_wconf 80' lang='lat' dir='ltr'>impositus,</span> <span class='ocrx_word' id='word_1_461' title='bbox 404 2165 431 2194; x_wconf 92' lang='lat' dir='ltr'>id</span> <span class='ocrx_word' id='word_1_462' title='bbox 456 2165 533 2204; x_wconf 90' lang='lat' dir='ltr'>quod</span> <span class='ocrx_word' id='word_1_463' title='bbox 558 2165 585 2194; x_wconf 91' lang='lat' dir='ltr'>in</span> <span class='ocrx_word' id='word_1_464' title='bbox 611 2171 688 2196; x_wconf 83' lang='lat' dir='ltr'>textu</span> <span class='ocrx_word' id='word_1_465' title='bbox 713 2166 811 2206; x_wconf 88' lang='lat' dir='ltr'>posuit</span> <span class='ocrx_word' id='word_1_466' title='bbox 834 2166 975 2201; x_wconf 84' lang='lat' dir='ltr'>Ritterus,</span> <span class='ocrx_word' id='word_1_467' title='bbox 999 2175 1031 2195; x_wconf 85' lang='lat' dir='ltr'>ex</span> <span class='ocrx_word' id='word_1_468' title='bbox 1056 2166 1219 2195; x_wconf 84' lang='lat' dir='ltr'>coniectura</span> <span class='ocrx_word' id='word_1_469' title='bbox 1243 2165 1361 2195; x_wconf 87' lang='lat' dir='ltr'>scilicet.</span> <span class='ocrx_word' id='word_1_470' title='bbox 1406 2164 1447 2193; x_wconf 85' lang='lat' dir='ltr'>Ex</span> <span class='ocrx_word' id='word_1_471' title='bbox 1471 2165 1569 2194; x_wconf 87' lang='lat' dir='ltr'>littera</span> <span class='ocrx_word' id='word_1_472' title='bbox 1591 2174 1611 2194; x_wconf 79' lang='lat' dir='ltr'>a</span> <span class='ocrx_word' id='word_1_473' title='bbox 1634 2165 1711 2194; x_wconf 88' lang='lat' dir='ltr'>enim</span> <span class='ocrx_word' id='word_1_474' title='bbox 1736 2174 1795 2194; x_wconf 93' lang='lat' dir='ltr'>non</span> <span class='ocrx_word' id='word_1_475' title='bbox 1815 2165 1911 2195; x_wconf 91' lang='lat' dir='ltr'>solum</span> 
     </span>
     <span class='ocr_line' id='line_1_36' title="bbox 228 2221 1912 2261; baseline 0 -11"><span class='ocrx_word' id='word_1_476' title='bbox 228 2221 308 2259; x_wconf 89' lang='lat' dir='ltr'>prior</span> <span class='ocrx_word' id='word_1_477' title='bbox 332 2221 413 2251; x_wconf 87' lang='lat' dir='ltr'>hasta</span> <span class='ocrx_word' id='word_1_478' title='bbox 437 2228 578 2260; x_wconf 75' lang='lat' dir='ltr'>superest,</span> <span class='ocrx_word' id='word_1_479' title='bbox 603 2223 684 2252; x_wconf 86' lang='lat' dir='ltr'>cuius</span> <span class='ocrx_word' id='word_1_480' title='bbox 708 2223 847 2253; x_wconf 85' lang='lat' dir='ltr'>inferiore</span> <span class='ocrx_word' id='word_1_481' title='bbox 870 2227 951 2261; x_wconf 87' lang='lat' dir='ltr'>parte</span> <span class='ocrx_word' id='word_1_482' title='bbox 974 2222 1115 2261; x_wconf 89' lang='lat' dir='ltr'>producta</span> <span class='ocrx_word' id='word_1_483' title='bbox 1141 2223 1277 2252; x_wconf 76' lang='lat' dir='ltr'>effectum</span> <span class='ocrx_word' id='word_1_484' title='bbox 1301 2225 1344 2251; x_wconf 88' lang='lat' dir='ltr'>est</span> <span class='ocrx_word' id='word_1_485' title='bbox 1362 2221 1388 2259; x_wconf 86' lang='lat' dir='ltr'>j,</span> <span class='ocrx_word' id='word_1_486' title='bbox 1412 2221 1462 2250; x_wconf 86' lang='lat' dir='ltr'>sed</span> <span class='ocrx_word' id='word_1_487' title='bbox 1486 2221 1573 2250; x_wconf 88' lang='lat' dir='ltr'>etiam</span> <span class='ocrx_word' id='word_1_488' title='bbox 1598 2230 1629 2250; x_wconf 89' lang='lat' dir='ltr'>ea</span> <span class='ocrx_word' id='word_1_489' title='bbox 1653 2230 1729 2259; x_wconf 83' lang='lat' dir='ltr'>pars,</span> <span class='ocrx_word' id='word_1_490' title='bbox 1751 2230 1805 2260; x_wconf 89' lang='lat' dir='ltr'>qua</span> <span class='ocrx_word' id='word_1_491' title='bbox 1822 2221 1912 2260; x_wconf 90' lang='lat' dir='ltr'>priori</span> 
     </span>
     <span class='ocr_line' id='line_1_37' title="bbox 232 2276 1912 2318; baseline 0.001 -13"><span class='ocrx_word' id='word_1_492' title='bbox 232 2278 374 2314; x_wconf 89' lang='lat' dir='ltr'>posterior</span> <span class='ocrx_word' id='word_1_493' title='bbox 397 2278 478 2307; x_wconf 88' lang='lat' dir='ltr'>hasta</span> <span class='ocrx_word' id='word_1_494' title='bbox 501 2278 611 2307; x_wconf 77' lang='lat' dir='ltr'>adnexa</span> <span class='ocrx_word' id='word_1_495' title='bbox 636 2279 698 2311; x_wconf 85' lang='lat' dir='ltr'>fuit,</span> <span class='ocrx_word' id='word_1_496' title='bbox 735 2288 769 2308; x_wconf 83' lang='lat' dir='ltr'>ex</span> <span class='ocrx_word' id='word_1_497' title='bbox 792 2278 888 2309; x_wconf 87' lang='lat' dir='ltr'>littera</span> <span class='ocrx_word' id='word_1_498' title='bbox 910 2288 933 2311; x_wconf 80' lang='lat' dir='ltr'>s.</span> <span class='ocrx_word' id='word_1_499' title='bbox 969 2287 1042 2317; x_wconf 89' lang='lat' dir='ltr'>quae</span> <span class='ocrx_word' id='word_1_500' title='bbox 1065 2278 1209 2317; x_wconf 88' lang='lat' dir='ltr'>superiori</span> <span class='ocrx_word' id='word_1_501' title='bbox 1234 2278 1307 2318; x_wconf 86' lang='lat' dir='ltr'>parti</span> <span class='ocrx_word' id='word_1_502' title='bbox 1330 2287 1349 2306; x_wconf 82' lang='lat' dir='ltr'><em>u</em></span> <span class='ocrx_word' id='word_1_503' title='bbox 1372 2277 1484 2306; x_wconf 86' lang='lat' dir='ltr'>litterae</span> <span class='ocrx_word' id='word_1_504' title='bbox 1515 2277 1650 2306; x_wconf 86' lang='lat' dir='ltr'>adiuncta</span> <span class='ocrx_word' id='word_1_505' title='bbox 1680 2276 1743 2312; x_wconf 83' lang='lat' dir='ltr'>suit,</span> <span class='ocrx_word' id='word_1_506' title='bbox 1777 2277 1912 2316; x_wconf 85' lang='lat' dir='ltr'>superior</span> 
     </span>
     <span class='ocr_line' id='line_1_38' title="bbox 228 2332 1911 2373; baseline 0.001 -12"><span class='ocrx_word' id='word_1_507' title='bbox 228 2342 302 2370; x_wconf 89' lang='lat' dir='ltr'>pars.</span> <span class='ocrx_word' id='word_1_508' title='bbox 347 2334 417 2368; x_wconf 84' lang='lat' dir='ltr'>Quis</span> <span class='ocrx_word' id='word_1_509' title='bbox 442 2334 611 2367; x_wconf 75' lang='lat' dir='ltr'>correxerit,</span> <span class='ocrx_word' id='word_1_510' title='bbox 634 2344 693 2364; x_wconf 91' lang='lat' dir='ltr'>non</span> <span class='ocrx_word' id='word_1_511' title='bbox 718 2344 840 2373; x_wconf 89' lang='lat' dir='ltr'>prorsus</span> <span class='ocrx_word' id='word_1_512' title='bbox 864 2339 977 2364; x_wconf 86' lang='lat' dir='ltr'>certum</span> <span class='ocrx_word' id='word_1_513' title='bbox 995 2339 1049 2369; x_wconf 84' lang='lat' dir='ltr'>est,</span> <span class='ocrx_word' id='word_1_514' title='bbox 1073 2334 1122 2364; x_wconf 92' lang='lat' dir='ltr'>sed</span> <span class='ocrx_word' id='word_1_515' title='bbox 1141 2335 1210 2364; x_wconf 90' lang='lat' dir='ltr'>mihi</span> <span class='ocrx_word' id='word_1_516' title='bbox 1228 2334 1324 2373; x_wconf 87' lang='lat' dir='ltr'>potius</span> <span class='ocrx_word' id='word_1_517' title='bbox 1340 2333 1474 2363; x_wconf 88' lang='lat' dir='ltr'>librarius</span> <span class='ocrx_word' id='word_1_518' title='bbox 1491 2333 1553 2372; x_wconf 87' lang='lat' dir='ltr'>ipse</span> <span class='ocrx_word' id='word_1_519' title='bbox 1569 2332 1733 2363; x_wconf 87' lang='lat' dir='ltr'>correxisse</span> <span class='ocrx_word' id='word_1_520' title='bbox 1749 2332 1911 2368; x_wconf 86' lang='lat' dir='ltr'>videbatur,</span> 
     </span>
     <span class='ocr_line' id='line_1_39' title="bbox 228 2389 1911 2430; baseline 0.002 -14"><span class='ocrx_word' id='word_1_521' title='bbox 228 2397 312 2425; x_wconf 90' lang='lat' dir='ltr'>quam</span> <span class='ocrx_word' id='word_1_522' title='bbox 337 2398 440 2419; x_wconf 85' lang='lat' dir='ltr'>manus</span> <span class='ocrx_word' id='word_1_523' title='bbox 465 2391 617 2428; x_wconf 88' lang='lat' dir='ltr'>posterior.</span> <span class='ocrx_word' id='word_1_524' title='bbox 664 2391 764 2428; x_wconf 86' lang='lat' dir='ltr'>Itaque</span> <span class='ocrx_word' id='word_1_525' title='bbox 791 2393 905 2430; x_wconf 74' lang='lat' dir='ltr'>inpositi</span> <span class='ocrx_word' id='word_1_526' title='bbox 933 2396 1020 2425; x_wconf 72' lang='lat' dir='ltr'>recte,</span> <span class='ocrx_word' id='word_1_527' title='bbox 1054 2395 1086 2420; x_wconf 84' lang='lat' dir='ltr'>ut</span> <span class='ocrx_word' id='word_1_528' title='bbox 1107 2390 1230 2425; x_wconf 82' lang='lat' dir='ltr'>videtur,</span> <span class='ocrx_word' id='word_1_529' title='bbox 1264 2389 1409 2425; x_wconf 83' lang='lat' dir='ltr'>scribitur,</span> <span class='ocrx_word' id='word_1_530' title='bbox 1444 2398 1498 2419; x_wconf 90' lang='lat' dir='ltr'>nec</span> <span class='ocrx_word' id='word_1_531' title='bbox 1522 2398 1590 2419; x_wconf 86' lang='lat' dir='ltr'>vero</span> <span class='ocrx_word' id='word_1_532' title='bbox 1619 2389 1776 2428; x_wconf 89' lang='lat' dir='ltr'>quidquam</span> <span class='ocrx_word' id='word_1_533' title='bbox 1806 2389 1911 2423; x_wconf 83' lang='lat' dir='ltr'>obstat.</span> 
     </span>
     <span class='ocr_line' id='line_1_40' title="bbox 228 2443 1911 2485; baseline 0.002 -14"><span class='ocrx_word' id='word_1_534' title='bbox 228 2443 382 2480; x_wconf 86' lang='lat' dir='ltr'>quominus</span> <span class='ocrx_word' id='word_1_535' title='bbox 406 2446 536 2484; x_wconf 87' lang='lat' dir='ltr'>equitem</span> <span class='ocrx_word' id='word_1_536' title='bbox 560 2445 726 2476; x_wconf 83' lang='lat' dir='ltr'>Romanum</span> <span class='ocrx_word' id='word_1_537' title='bbox 752 2455 807 2476; x_wconf 88' lang='lat' dir='ltr'>una</span> <span class='ocrx_word' id='word_1_538' title='bbox 832 2456 898 2476; x_wconf 90' lang='lat' dir='ltr'>cum</span> <span class='ocrx_word' id='word_1_539' title='bbox 924 2447 1027 2476; x_wconf 87' lang='lat' dir='ltr'>liberto</span> <span class='ocrx_word' id='word_1_540' title='bbox 1052 2447 1092 2476; x_wconf 88' lang='lat' dir='ltr'>rei</span> <span class='ocrx_word' id='word_1_541' title='bbox 1122 2446 1252 2476; x_wconf 81' lang='lat' dir='ltr'>familiari</span> <span class='ocrx_word' id='word_1_542' title='bbox 1288 2445 1427 2485; x_wconf 90' lang='lat' dir='ltr'>principis</span> <span class='ocrx_word' id='word_1_543' title='bbox 1462 2445 1490 2474; x_wconf 93' lang='lat' dir='ltr'>in</span> <span class='ocrx_word' id='word_1_544' title='bbox 1525 2445 1589 2475; x_wconf 81' lang='lat' dir='ltr'>Asia</span> <span class='ocrx_word' id='word_1_545' title='bbox 1623 2445 1786 2483; x_wconf 89' lang='lat' dir='ltr'>inpositum</span> <span class='ocrx_word' id='word_1_546' title='bbox 1820 2445 1911 2475; x_wconf 85' lang='lat' dir='ltr'>fuisse</span> 
     </span>
     <span class='ocr_line' id='line_1_41' title="bbox 228 2499 1911 2541; baseline 0.002 -14"><span class='ocrx_word' id='word_1_547' title='bbox 228 2499 387 2529; x_wconf 89' lang='lat' dir='ltr'>credamus.</span> <span class='ocrx_word' id='word_1_548' title='bbox 422 2518 462 2523; x_wconf 84' lang='lat'><strong>—</strong></span> <span class='ocrx_word' id='word_1_549' title='bbox 497 2502 561 2531; x_wconf 88' lang='lat' dir='ltr'>XIII</span> <span class='ocrx_word' id='word_1_550' title='bbox 578 2502 606 2536; x_wconf 88' lang='lat'>5,</span> <span class='ocrx_word' id='word_1_551' title='bbox 624 2501 641 2531; x_wconf 85' lang='grc'>6</span> <span class='ocrx_word' id='word_1_552' title='bbox 665 2507 789 2541; x_wconf 89' lang='lat' dir='ltr'>uterque</span> <span class='ocrx_word' id='word_1_553' title='bbox 813 2503 841 2532; x_wconf 86' lang='lat' dir='ltr'>in</span> <span class='ocrx_word' id='word_1_554' title='bbox 866 2502 938 2532; x_wconf 91' lang='lat' dir='ltr'>libro</span> <span class='ocrx_word' id='word_1_555' title='bbox 962 2502 1091 2532; x_wconf 84' lang='lat' dir='ltr'>Mediceo</span> <span class='ocrx_word' id='word_1_556' title='bbox 1115 2503 1184 2541; x_wconf 83' lang='lat' dir='ltr'>legit</span> <span class='ocrx_word' id='word_1_557' title='bbox 1207 2507 1321 2532; x_wconf 80' lang='lat' dir='ltr'>assaret.</span> <span class='ocrx_word' id='word_1_558' title='bbox 1367 2502 1402 2531; x_wconf 86' lang='lat' dir='ltr'>At</span> <span class='ocrx_word' id='word_1_559' title='bbox 1425 2501 1566 2540; x_wconf 86' lang='lat' dir='ltr'>scriptum</span> <span class='ocrx_word' id='word_1_560' title='bbox 1595 2505 1638 2531; x_wconf 88' lang='lat' dir='ltr'>est</span> <span class='ocrx_word' id='word_1_561' title='bbox 1661 2502 1780 2531; x_wconf 85' lang='lat' dir='ltr'>asstiret.</span> <span class='ocrx_word' id='word_1_562' title='bbox 1827 2500 1911 2530; x_wconf 86' lang='lat' dir='ltr'>Unde</span> 
     </span>
     <span class='ocr_line' id='line_1_42' title="bbox 229 2554 1910 2597; baseline 0.002 -15"><span class='ocrx_word' id='word_1_563' title='bbox 229 2554 325 2584; x_wconf 88' lang='lat' dir='ltr'>existit</span> <span class='ocrx_word' id='word_1_564' title='bbox 348 2555 502 2593; x_wconf 86' lang='lat' dir='ltr'>dubitatio,</span> <span class='ocrx_word' id='word_1_565' title='bbox 526 2563 623 2587; x_wconf 86' lang='lat' dir='ltr'>utrum</span> <span class='ocrx_word' id='word_1_566' title='bbox 649 2563 754 2588; x_wconf 82' lang='lat' dir='ltr'>astaret</span> <span class='ocrx_word' id='word_1_567' title='bbox 776 2558 963 2588; x_wconf 86' lang='lat' dir='ltr'>scribendum</span> <span class='ocrx_word' id='word_1_568' title='bbox 987 2559 1031 2591; x_wconf 81' lang='lat' dir='ltr'>sit,</span> <span class='ocrx_word' id='word_1_569' title='bbox 1057 2558 1134 2597; x_wconf 88' lang='lat' dir='ltr'>quod</span> <span class='ocrx_word' id='word_1_570' title='bbox 1159 2567 1225 2588; x_wconf 90' lang='lat' dir='ltr'>cum</span> <span class='ocrx_word' id='word_1_571' title='bbox 1250 2559 1279 2588; x_wconf 91' lang='lat' dir='ltr'>in</span> <span class='ocrx_word' id='word_1_572' title='bbox 1303 2558 1366 2596; x_wconf 89' lang='lat' dir='ltr'>ipso</span> <span class='ocrx_word' id='word_1_573' title='bbox 1390 2557 1488 2587; x_wconf 89' lang='lat' dir='ltr'>codice</span> <span class='ocrx_word' id='word_1_574' title='bbox 1512 2566 1600 2587; x_wconf 89' lang='lat' dir='ltr'>manu</span> <span class='ocrx_word' id='word_1_575' title='bbox 1621 2557 1786 2596; x_wconf 86' lang='lat' dir='ltr'>posteriore</span> <span class='ocrx_word' id='word_1_576' title='bbox 1807 2566 1910 2596; x_wconf 87' lang='lat' dir='ltr'>supra-</span> 
     </span>
     <span class='ocr_line' id='line_1_43' title="bbox 228 2610 1909 2654; baseline 0.002 -16"><span class='ocrx_word' id='word_1_577' title='bbox 228 2610 365 2648; x_wconf 84' lang='lat' dir='ltr'>scriptum</span> <span class='ocrx_word' id='word_1_578' title='bbox 391 2617 476 2646; x_wconf 81' lang='lat' dir='ltr'>esset,</span> <span class='ocrx_word' id='word_1_579' title='bbox 512 2622 612 2642; x_wconf 90' lang='lat' dir='ltr'>omnes</span> <span class='ocrx_word' id='word_1_580' title='bbox 638 2613 780 2642; x_wconf 88' lang='lat' dir='ltr'>editiones</span> <span class='ocrx_word' id='word_1_581' title='bbox 804 2615 963 2654; x_wconf 69' lang='lat' dir='ltr'>occupavit,</span> <span class='ocrx_word' id='word_1_582' title='bbox 999 2624 1034 2644; x_wconf 90' lang='lat' dir='ltr'>an</span> <span class='ocrx_word' id='word_1_583' title='bbox 1065 2616 1211 2649; x_wconf 82' lang='lat' dir='ltr'>assisteret,</span> <span class='ocrx_word' id='word_1_584' title='bbox 1246 2623 1302 2653; x_wconf 91' lang='lat' dir='ltr'>quo</span> <span class='ocrx_word' id='word_1_585' title='bbox 1331 2613 1417 2643; x_wconf 92' lang='lat' dir='ltr'>verbo</span> <span class='ocrx_word' id='word_1_586' title='bbox 1440 2613 1557 2643; x_wconf 88' lang='lat' dir='ltr'>Tacitus</span> <span class='ocrx_word' id='word_1_587' title='bbox 1585 2614 1615 2643; x_wconf 91' lang='lat' dir='ltr'>in</span> <span class='ocrx_word' id='word_1_588' title='bbox 1648 2613 1734 2643; x_wconf 89' lang='lat' dir='ltr'>simili</span> <span class='ocrx_word' id='word_1_589' title='bbox 1764 2611 1909 2642; x_wconf 86' lang='lat' dir='ltr'>sententia</span> 
     </span>
    </p>
   </div>
  </div>
 </body>
</html>
