2060 2891
863 172 1055 202 ,5,-

115 265 194 300 162,
213 265 245 303 4)
270 265 311 294 vel
335 266 394 294 iras
416 263 505 302 (Anu.
520 262 557 292 lll
575 261 602 296 9,
621 263 648 291 7.
667 262 700 291 Η.
714 262 735 291 V
754 262 802 295 10,
824 261 886 299 10);
921 265 1006 300 atque
1030 260 1105 290 idom
1131 260 1225 290 valent
1248 259 1333 288 haec:
1370 259 1433 289 xm
1455 260 1499 293 15,
1522 259 1556 289 13
1581 259 1654 289 Nero
1670 259 1809 289 intellecta

114 323 223 353 invidia
246 322 341 352 odium
364 320 496 355 intendit,
531 320 579 354 47,
597 319 615 349 6
638 328 718 358 quem
742 324 846 348 metunt
871 318 1002 357 Graptus,
1031 327 1067 347 eas
1091 318 1197 347 libertis
1215 316 1353 350 Caesaris,
1378 336 1415 338 —
1442 316 1494 346 lali
1515 316 1659 346 mendacio
1682 315 1806 349 intendit,

116 379 149 408 ll.
172 379 182 408 Ι
203 379 253 412 12,
274 378 310 406 14
333 377 440 407 hiantes
462 393 503 396 —
526 378 683 406 amicorum
711 375 874 414 cupiditates
902 377 961 414 ipsa
986 374 1091 404 Galbae
1117 373 1241 412 facilitas
1268 373 1442 405 intendebat,
1477 373 1499 402 ll
1518 373 1571 406 5⁴,
1592 372 1627 401 10
1651 371 1809 402 intendebat

114 435 308 474 formidinem,
344 433 417 472 quod
439 450 489 461 —.
536 432 672 461 Proxime
696 440 762 460 vero
797 431 830 460 ad
866 441 931 460 oum
958 432 993 460 de
1016 440 1074 469 quo
1098 430 1210 467 agimus
1236 429 1331 458 locum
1364 429 1504 458 accedunt
1530 429 1611 458 haec:
1646 428 1707 458 XlV
1725 427 1773 462 23,
1790 427 1808 456 3

115 491 149 521 At
175 490 298 521 Corbulo
320 495 379 529 post
402 489 493 519 deleta
514 489 654 518 Artamata
679 487 812 518 utendum
835 490 941 517 recenti
974 493 1106 517 terrore
1130 492 1210 516 ratus
1233 487 1270 515 ad
1293 486 1455 524 occupanda
1480 485 1687 525 Ttyranocerta,
1711 484 1810 524 quibus

115 549 214 578 ewcisis
238 551 342 576 metum
364 545 485 576 bostium
508 545 693 582 intenderet¹)
716 548 744 573 et
760 543 810 573 Xll
829 543 878 578 35,
895 545 912 572 5
936 545 984 573 sed
1007 544 1084 573 miles
1105 543 1246 582 proelium
1266 551 1388 581 poscere,
1413 547 1513 572 cuncta
1534 544 1636 571 virtute
1658 550 1808 580 ewpuqna-

116 603 183 633 bilia
200 603 359 637 clamitare;
382 602 573 641 praefectique
595 606 620 630 et
640 601 750 630 tribuni
769 602 853 639 paria
877 600 1042 630 disserentes
1065 600 1197 629 ardorem
1220 600 1359 629 exercitus
1382 599 1561 628 intendebant
1585 598 1673 636 (male
1691 597 1806 636 Lipsius

115 659 319 693 incendebant).
365 658 436 687 Nam
463 663 494 687 ut
517 658 561 687 his
585 657 656 687 locis
682 661 778 686 motus
802 656 978 689 animorum,
1003 666 1069 685 cum
1095 656 1149 685 iam
1174 660 1257 685 antea
1281 655 1454 688 extitissent,
1479 655 1553 685 aucti
1578 664 1640 684 esse
1663 654 1808 687 dicuntur,

115 716 152 745 ita
178 714 268 749 1113,
291 715 321 744 ll
350 715 422 744 iram
449 714 582 746 militum,
617 723 671 752 qua
696 713 751 742 iam
778 717 861 743 antea
887 713 999 742 incensi
1024 713 1243 742 clamitaverant
1267 712 1391 751 perfidos
1413 717 1439 741 et
1460 717 1589 750 ruptores
1609 712 1687 750 pacis
1709 709 1813 740 ultioni

114 777 140 801 et
160 772 268 810 gloriae
292 771 465 805 mactandos,
494 769 648 809 promissis
674 770 760 799 nnius
783 769 913 799 hostium
939 774 1052 799 auctam
1077 779 1141 798 esse
1165 769 1306 803 videmus,
1352 768 1428 798 Haec
1452 768 1538 806 igitur
1562 767 1738 797 contumelia
1763 768 1810 796 in-

115 828 202 857 tendit
225 828 321 866 potius
345 827 419 866 (sive
443 828 536 863 auaeit)
572 826 718 865 legionum
744 826 799 855 iras
824 835 909 865 quam
935 826 1067 855 incendit.
1114 826 1172 854 Nec
1203 826 1322 855 dubium
1349 829 1408 859 est,
1442 824 1513 863 quin
1549 829 1626 853 recte
1651 823 1810 853 Rhenanus

114 883 175 913 xlv
193 884 242 918 45,
264 884 294 913 11
322 893 356 913 ne
379 892 439 913 mos
461 885 602 922 antiquus,
626 892 706 922 quem
730 882 923 912 misericordia
948 892 1004 911 non
1026 884 1177 916 minuerat,
1200 891 1252 921 per
1276 883 1419 911 saevitiam
1443 881 1639 910 incenderetur
1662 879 1811 918 scripserit

114 940 318 974 intenderetur,
343 939 370 968 id
395 939 472 978 quod
498 938 541 968 vel
566 939 660 977 ipsum
686 939 754 968 illud
777 941 922 968 miimerat
945 938 1070 972 docem,
1094 938 1157 967 coll.
1175 938 1208 967 IV
1226 937 1244 966 2
1268 939 1324 967 vim
1344 938 1542 977 praefecturae
1566 937 1704 967 modicam
1728 941 1812 966 antea

115 996 246 1031 intendit,
282 1004 336 1025 nec
364 995 461 1025 minus
495 1000 573 1024 recte
607 995 618 1024 I
641 995 694 1027 47.
713 995 731 1024 6
754 1004 785 1024 ac
808 1004 842 1024 ne
865 996 1009 1033 postpositi
1030 994 1196 1024 contumelia
1220 995 1432 1024 intenderentur
1454 994 1549 1023 littera
1574 1003 1586 1023 c
1610 1002 1694 1031 supra
1720 992 1811 1031 posita

115 1056 213 1081 vetere
238 1061 325 1081 manu
350 1051 379 1081 in
403 1051 466 1090 ipso
491 1051 589 1081 codice
613 1051 802 1081 emendatum
833 1051 870 1081 sit
900 1051 1125 1080 incenderentur.
1171 1051 1227 1079 Sed
1254 1056 1285 1080 ut
1308 1051 1342 1080 ad
1366 1060 1397 1080 ea
1422 1050 1508 1080 verba
1542 1050 1672 1080 redeam.
1705 1048 1811 1088 quibus

114 1109 271 1147 genuinam
297 1108 420 1138 formam
447 1118 505 1137 non
529 1108 723 1143 emendando,
747 1107 796 1137 sed
815 1108 877 1146 ipso
901 1107 1000 1136 codice
1026 1111 1208 1137 monstrante
1232 1107 1421 1142 reddidimus,
1445 1107 1570 1140 Tacitus,
1594 1106 1616 1136 si
1646 1105 1810 1144 scripsisset

114 1165 236 1196 incendit
258 1182 299 1186 —
322 1167 389 1199 iras,
414 1175 428 1194 a
452 1165 598 1194 constanti
623 1164 738 1194 dicendi
763 1164 977 1194 consuetudine
1006 1164 1183 1193 recessisset.
1231 1164 1294 1193 Non
1319 1164 1397 1193 enim
1423 1164 1492 1193 dicit
1517 1166 1626 1192 motum
1651 1162 1740 1191 animi
1765 1161 1811 1190 in-

115 1222 214 1256 cendi,
248 1222 297 1251 sed
322 1221 471 1250 bominem
497 1221 552 1256 (vel
580 1220 710 1250 animum
736 1221 876 1255 hominis)
901 1229 1001 1249 amore
1025 1220 1213 1257 (Ann.1v:3,
1235 1222 1278 1249 10.
1309 1220 1369 1249 xlv
1387 1220 1435 1255 42,
1453 1220 1493 1255 3),
1518 1220 1556 1249 ira
1581 1219 1626 1255 (ll.
1645 1219 1677 1247 lv
1694 1219 1743 1252 21,
1764 1218 1809 1246 ll.

115 1278 163 1313 77,
184 1278 232 1312 14)
256 1277 380 1307 incendi.
426 1277 528 1316 Neque
553 1277 631 1306 hunc
655 1286 765 1307 morem
791 1286 876 1306 suum
906 1277 1036 1315 infregit.
1061 1286 1127 1306 cum
1153 1278 1226 1306 Anu.
1245 1277 1326 1310 123,
1348 1277 1356 1305 1
1386 1276 1528 1306 scriberet
1555 1275 1717 1305 incendebat
1744 1274 1810 1304 baec

115 1335 146 1371 (i.
163 1345 187 1364 e.
212 1334 296 1364 verba
320 1337 383 1370 sua)
407 1333 477 1372 fletu.
500 1343 532 1363 ac
555 1333 688 1363 similiter
712 1333 734 1362 11
753 1333 801 1368 82,
820 1334 837 1361 0
860 1333 908 1363 lios
931 1334 1010 1371 vulqi
1030 1343 1171 1363 sermones
1197 1334 1296 1363 audita
1319 1342 1394 1363 mors
1417 1333 1485 1362 adeo
1508 1332 1637 1365 incendit,
1666 1336 1703 1361 ut.
1750 1330 1811 1360 {loc

115 1396 288 1430 argumento
312 1399 358 1419 res
382 1389 543 1419 conficitur.

259 1446 293 1475 VI
315 1447 338 1480 l,
358 1445 395 1475 13
421 1446 490 1475 hacc
514 1446 618 1484 scripta
644 1446 759 1475 suntin
777 1445 892 1476 codice:
917 1448 1121 1485 praepositique
1143 1448 1363 1485 seroz'quirerent
1382 1445 1588 1485 pertraherent.
1621 1445 1710 1483 idque
1733 1448 1810 1473 recte

114 1507 236 1533 testatur
260 1502 392 1532 Baiterus
415 1506 443 1531 et
466 1502 544 1531 bunc
566 1506 685 1531 secutus
709 1502 787 1532 velut
821 1502 962 1535 divinans,
999 1503 1066 1541 quid
1094 1512 1191 1532 verum
1217 1503 1267 1535 sit,
1303 1503 1442 1532 Halmius.
1489 1502 1560 1531 Nam
1586 1502 1714 1531 Ritterus
1739 1500 1809 1529 falso

115 1560 205 1589 refert
228 1559 368 1598 scriptum
394 1568 457 1588 esse
480 1560 556 1588 servi
576 1560 625 1596 qui
645 1560 797 1598 quirerent.
834 1558 1073 1589 Emendare-,runt
1090 1559 1248 1589 Beroaldus
1272 1561 1322 1598 qui
1336 1564 1511 1598 quaererent,
1537 1557 1737 1588 Doederlinius
1761 1559 1811 1595 qui

114 1617 319 1655 conquirerent,
345 1614 597 1644 Weissenbornius
621 1616 670 1653 qui
691 1616 874 1654 requirerent.
921 1615 980 1644 Iam
1005 1620 1133 1654 apparet,
1169 1625 1201 1645 ex
1232 1615 1339 1645 codicis
1364 1615 1508 1654 scriptura
1533 1614 1710 1654 probabilius
1735 1612 1809 1642 et'lici

115 1672 233 1702 verbum
258 1671 454 1710 compositum
486 1680 572 1710 quam
607 1671 744 1710 simplex,
779 1672 854 1700 oculi
889 1672 966 1701 enim
992 1671 1100 1702 librarii
1126 1682 1138 1701 a
1164 1673 1261 1710 priore
1289 1674 1338 1711 qui
1359 1672 1393 1702 ad
1417 1672 1563 1711 posterius
1592 1671 1808 1700 aberraverunt.

114 1729 173 1758 Nec
188 1728 236 1758 diu
253 1727 455 1767 quaerendum
474 1732 526 1761 est,
552 1731 648 1756 utrum
666 1727 844 1766 probabilius
861 1728 907 1761 sit,
925 1729 1002 1767 quod
1019 1729 1219 1758 Doederlinius
1243 1738 1278 1758 au
1297 1728 1375 1767 quod
1394 1728 1646 1758 Weissenbornius
1671 1726 1806 1756 coniecit.

113 1785 164 1814 Est
186 1784 263 1814 enim
287 1784 362 1822 apud
387 1784 522 1813 Tacitum
549 1783 716 1819 Ann.130‚
735 1785 749 1812 1
774 1790 806 1813 ut
829 1786 942 1824 quisque
964 1787 1135 1824 praecipuus
1159 1786 1288 1815 turbator
1311 1787 1465 1824 conquisiti.
1491 1785 1522 1814 H.
1548 1784 1582 1813 Ν
1599 1784 1646 1817 46,
1666 1784 1702 1812 10
1727 1784 1812 1813 ceteri

112 1850 163 1880 per
185 1840 282 1870 urbem
306 1845 330 1870 et
353 1841 421 1870 urbi
442 1841 534 1870 vicina
557 1842 712 1879 conquisiti.
761 1841 859 1879 ltaque
882 1846 910 1870 et
935 1842 1023 1871 codex
1049 1842 1110 1880 ipse
1136 1846 1164 1871 et
1179 1842 1268 1871 Taciti
1294 1851 1390 1871 sermo
1414 1841 1587 1871 Doederlinii
1613 1840 1807 1869 coniecturam

113 1897 320 1926 commendant
343 1906 466 1935 eamque
490 1901 567 1926 recte
592 1897 772 1926 recentiores
796 1907 898 1926 omnes
922 1903 1108 1936 receperunt.

255 1953 287 1982 Vl
305 1953 354 1988 21,
374 1953 410 1982 16
434 1962 504 1992 quae
520 1969 560 1974 —
578 1953 699 1987 (linerat,
724 1952 815 1983 oracli
835 1955 892 1983 vice
915 1956 1060 1992 accipiens.
1107 1954 1154 1984 Sic
1177 1959 1253 1984 recte
1278 1964 1292 1983 a
1318 1954 1465 1994 plerisque
1489 1954 1633 1984 scribitur.
1680 1952 1751 1981 Nam
1778 1955 1809 1980 ut

115 2019 163 2039 eos
187 2009 265 2038 locos
288 2009 430 2045 omittam,
467 2009 572 2048 quibus
597 2009 746 2038 victoriam
782 2019 835 2048 pro
859 2009 1036 2048 praeiudicio
1063 2011 1107 2046 (G.
1130 2011 1174 2044 10,
1191 2010 1254 2049 22),
1289 2010 1419 2040 crebram
1444 2011 1503 2040 oris
1527 2009 1730 2039 confusionem
1755 2017 1807 2046 pro

114 2065 255 2095 modestia
280 2065 378 2103 (ll.1V
395 2065 443 2099 40.
459 2063 491 2099 ’4)
528 2070 674 2104 acceptam
711 2075 772 2095 esse
796 2065 913 2095 Tacitus
937 2066 1005 2096 dicit
1028 2076 1161 2106 quaeque
1196 2067 1246 2097 alia
1277 2072 1346 2096 sunt
1370 2067 1485 2103 similia,
1513 2067 1584 2096 haec
1607 2065 1698 2095 liabeo
1723 2065 1808 2094 etiam

113 2121 267 2151 similiora:
293 2121 324 2149 H.
343 2121 432 2156 1191,
449 2122 467 2150 2
489 2123 597 2161 funesti
618 2124 718 2152 ominis
741 2122 799 2151 loco
822 2127 963 2161 acceptum
987 2128 1034 2157 est,
1059 2123 1133 2162 quod
1157 2141 1204 2157 —,
1240 2123 1274 2152 Ν
1291 2123 1340 2157 26,
1358 2124 1375 2152 7
1395 2124 1520 2163 prodigii
1539 2123 1598 2152 loco
1621 2121 1809 2160 accipiebatur

113 2180 173 2217 ipsa
202 2186 342 2217 aquarum
369 2179 506 2216 penuria,
542 2178 616 2207 Anu.
635 2178 673 2207 xl
698 2178 744 2211 11,
761 2177 778 2207 3
801 2179 887 2216 favor
906 2179 995 2218 plebis
1018 2197 1058 2201 —
1083 2180 1140 2209 loco
1161 2181 1305 2219 praesaga·
1328 2185 1456 2219 acceptus
1478 2186 1525 2209 est.
1572 2179 1623 2208 Hic
1647 2178 1723 2207 enim
1749 2178 1807 2207 loco

116 2234 192 2263 idem
219 2234 291 2262 valet
316 2233 393 2272 quod
417 2233 475 2263 illic
497 2236 564 2264 vice.
610 2236 645 2263 At
669 2234 798 2263 Rittcrus
833 2235 948 2274 scripsit
975 2238 1123 2274 emcipiens,
1155 2237 1207 2266 visi
1241 2236 1345 2265 similia
1377 2237 1506 2275 exempla
1538 2235 1616 2265 verbi
1645 2234 1807 2274 echpiendi

113 2292 219 2319 frustra
254 2289 328 2328 apud
353 2289 484 2319 Tacitum
520 2296 713 2329 quaeruntur.
760 2291 789 2320 ld
814 2297 910 2321 autem
944 2302 995 2321 cur
1026 2291 1115 2321 fecit?
1153 2292 1225 2327 Quia
1250 2292 1278 2321 in
1304 2292 1402 2322 codice
1426 2293 1551 2322 affirmat
1579 2291 1720 2330 scriptum
1745 2300 1808 2320 esse

220 2411 239 2441 ¹)
259 2411 398 2435 Dissimilia
418 2415 476 2435 sunt
494 2420 555 2443 quae
575 2413 693 2443 leguntur
715 2414 775 2437 Anu.
791 2413 797 2437 l
814 2413 852 2443 29,
870 2414 898 2437 15
917 2422 986 2446 spem
1005 2415 1125 2446 offerunl,
1145 2416 1238 2439 metum
1258 2415 1398 2439 intendunt.

219 2454 239 2484 ¹2)
259 2454 310 2478 Hoc
330 2454 394 2478 vidit
415 2455 490 2479 etiam
511 2455 554 2480 Ed.
575 2456 664 2488 Wolff,
682 2457 721 2489 qui
743 2457 772 2480 dc
792 2456 923 2481 verborum
945 2458 1091 2482 incendendi
1112 2461 1137 2481 et
1157 2458 1302 2483 intendendi
1321 2459 1384 2489 apud
1398 2457 1512 2482 Tacitum
1532 2465 1577 2481 usu
1592 2456 1681 2481 Woch.
1696 2456 1712 2481 f.
1727 2457 1804 2481 klass.

113 2496 178 2520 Phil.
196 2497 256 2521 1887
278 2505 298 2528 p.
313 2497 360 2520 565
381 2498 498 2529 quaedam
520 2501 654 2530 congessit.
693 2499 756 2524 ldein
782 2508 900 2524 verumne
929 2501 1025 2525 viderit
1047 2501 1148 2533 Lipsius
1167 2500 1214 2525 ΧΠ
1234 2502 1274 2532 35,
1288 2502 1302 2525 5
1321 2501 1480 2529 subdubitat3
1510 2503 1636 2531 negasset,
1664 2501 1761 2532 opinor,
1785 2500 1806 2524 si

113 2540 213 2569 scisset,
241 2540 304 2571 qnod
336 2548 398 2564 nunc
428 2540 528 2565 scimus,
579 2542 641 2567 Nam
672 2544 742 2567 illius
772 2546 886 2568 conatum
913 2545 1080 2568 commendari
1111 2545 1239 2568 existimat
1271 2545 1334 2577 ipsis
1365 2545 1418 2569 illis
1442 2543 1525 2567 verbis
1551 2543 1570 2567 ll
1594 2544 1630 2573 13,
1655 2552 1717 2576 quae
1742 2552 1806 2568 nunc

113 2583 193 2614 ipsum
212 2583 377 2607 correximus.
