2060 2891
980 205 1197 234 -12—

242 297 300 327 nisi
324 297 400 335 quod
425 295 552 324 Ritterus
576 293 605 322 in
628 293 726 322 codice
749 292 787 322 ad
809 293 910 322 iactum
935 302 969 321 ex
992 292 1135 323 addictum
1163 296 1328 322 correctum
1357 302 1420 322 esse
1450 293 1583 322 affirmat.
1630 293 1686 323 Sed
1715 293 1765 332 qui
1794 297 1928 324 accurate

243 354 321 383 hunc
350 353 443 381 locum
472 349 645 388 inspexerit,
674 349 819 386 intelleget
848 348 1008 384 librarium,
1039 358 1104 378 cum
1134 348 1300 388 scripsisset
1327 349 1484 383 addictum,
1515 349 1594 388 prius
1620 349 1637 378 d
1666 349 1761 379 addita
1786 349 1930 388 superiori

241 409 314 448 parti
338 408 399 437 eius
423 407 533 435 litterae
557 405 638 435 tenui
662 405 765 435 ilneola
791 405 931 435 delevisse
955 409 1042 444 atque
1064 406 1101 434 ita
1119 405 1246 435 effecisse
1268 405 1306 435 ad
1320 407 1416 440 ictum,
1442 415 1508 435 mox
1524 410 1553 435 et
1569 406 1691 436 eandem
1710 406 1787 435 illam
1804 405 1929 435 litteram

241 466 258 494 (l
287 473 373 494 manu
402 462 560 501 posteriore
588 462 728 491 crassiore
756 461 844 496 linea,
876 471 951 499 quae
979 470 1029 500 per
1059 465 1150 491 totam
1180 461 1303 491 litteram
1335 461 1475 500 pertinet,
1505 461 1648 492 sublatam
1678 467 1706 491 et
1734 462 1894 492 interiet
1917 471 1931 491 c

242 519 465 559 suprascriptam
497 528 560 548 esse
587 527 615 547 a.
660 517 761 557 Itaque
789 517 826 547 acl
852 519 957 547 iactum
987 517 1047 547 viro
1076 517 1161 547 docto
1189 517 1286 552 alicui,
1318 519 1355 548 acl
1381 520 1467 548 ictum
1490 518 1545 557 ipsi
1568 518 1698 553 librario,
1731 527 1791 548 non
1815 518 1930 548 Baitero

241 577 372 606 debetur.
388 591 429 596 —-
445 574 524 603 Idem
551 573 686 603 librarius
712 574 783 604 mihi
805 574 921 612 signum
945 583 971 602 m
996 573 1117 609 litterae,
1141 573 1218 613 quod
1242 574 1460 613 suprapositum
1485 579 1529 603 est
1551 579 1697 604 extremae
1719 574 1832 604 litterae
1853 573 1929 603 vocis

238 633 415 662 ‘inclinatione
438 630 548 664 Xt119,
569 630 615 665 13,
640 630 758 663 lineola,
783 630 818 659 de
842 640 897 669 qua
922 634 1019 659 tacent
1043 630 1170 669 priores,
1201 629 1340 660 delevisse
1364 630 1487 660 videtur.
1533 630 1603 660 lnde
1626 630 1751 660 eflicitur
1773 630 1927 660 ablativum

239 689 419 718 inclinatione
435 687 556 727 quadam
573 696 636 716 esse
652 687 839 716 retinendum
858 696 890 716 ac
906 687 980 716 male
996 687 1144 717 Ritterum
1161 687 1312 726 scripsisse
1328 693 1465 717 recentem
1482 687 1515 716 ob
1530 687 1662 726 9loriam,
1679 692 1704 717 et
1718 686 1929 716 inclinationem

241 744 383 783 <litandam
399 745 482 772 etiam
499 743 634 778 hostiurm
659 743 714 772 hoc
730 743 889 781 quaeritur,
915 749 1012 773 utrum
1031 743 1287 773 Weissenbornius
1305 743 1408 773 melius
1426 743 1576 782 scripserit
1589 753 1643 782 per
1657 748 1793 773 recentem
1807 743 1929 782 ylori'am

239 801 292 835 (vel
316 805 451 829 recentem
476 799 508 829 ob
529 799 650 838 gloriam
673 799 813 837 Ritterus)
838 808 873 829 an
896 806 1035 830 recentem
1056 799 1149 839 gloria
1173 800 1375 839 Nipperdeius.
1419 799 1477 838 Ego
1502 799 1557 829 boc
1580 799 1713 838 praefero
1738 799 1826 839 idque
1849 803 1929 828 reete

238 856 443 895 Nipperdeium
469 856 573 894 ipsum,
599 856 671 885 male
688 856 866 886 Ptitznerum
891 856 1117 895 interpretatum
1142 865 1207 886 esse
1230 864 1346 886 censeo.
1366 871 1403 876 —
1419 855 1514 885 Etiam
1538 856 1574 885 de
1590 856 1631 885 eis
1648 865 1723 895 quae
1746 855 1803 891 XV,
1821 855 1870 889 69,
1891 854 1928 884 12

238 913 264 941 111
289 912 387 942 codice
411 912 561 950 leguntur:
594 912 683 942 calida
713 921 786 951 aqua
810 921 892 942 uersa
915 918 1057 943 mersatur
1081 922 1182 952 parum
1208 916 1342 942 accurata
1365 916 1435 942 sunt
1458 912 1590 951 priorum
1616 912 1789 942 testimonia.
1841 911 1926 941 Versa

237 968 311 997 enim
336 977 396 997 non
420 968 514 998 solum
539 967 632 997 tribus
657 969 770 1007 punctis
795 969 976 1008 subscriptis,
1000 969 1049 999 sed
1074 969 1161 998 etiam
1186 968 1279 998 tribus
1297 968 1381 998 lineis
1397 968 1532 1006 obliquis,
1558 978 1631 1007 quae
1647 977 1700 1007 per
1717 973 1807 998 totam
1827 977 1926 997 vocem

239 1025 400 1062 pertinent,
429 1025 556 1054 deletum
583 1029 635 1053 est.
680 1025 773 1063 Atque
797 1029 904 1063 puncta
929 1025 1082 1064 posteriori
1106 1025 1207 1061 alicui,
1232 1025 1323 1054 lineae
1351 1024 1405 1063 ipsi
1430 1025 1546 1054 librario
1571 1024 1744 1054 tribuendae
1769 1024 1839 1054 mihi
1863 1033 1928 1054 esse

236 1080 416 1110 videbantur.
462 1079 531 1109 Inde
556 1079 743 1118 intellegitur,
773 1081 875 1119 quanti
899 1081 936 1111 sit
960 1081 1064 1111 Ritteri
1087 1082 1238 1111 inventum
1262 1081 1346 1111 illud:
1380 1081 1470 1111 calida
1500 1091 1574 1121 aqua
1597 1081 1751 1120 superfusa
1774 1085 1926 1110 mersatur.

240 1136 320 1165 Unde
344 1141 441 1166 autem
465 1140 562 1165 ortum
587 1136 624 1165 sit
648 1136 818 1166 vocabulum
843 1137 911 1167 illud
936 1138 1014 1176 quod
1039 1138 1087 1177 qui
1105 1138 1222 1177 scripsit
1237 1138 1314 1168 idem
1331 1137 1445 1170 delevit,
1471 1147 1517 1167 me
1534 1137 1630 1167 dicere
1647 1146 1721 1176 opus
1738 1145 1797 1166 non
1814 1141 1868 1166 est.
1884 1153 1926 1157 —

237 1192 295 1221 Nec
321 1192 404 1221 aliter
430 1192 524 1221 iudico
552 1193 585 1222 de
615 1192 667 1226 eis,
697 1203 771 1232 quae
797 1193 856 1222 xtv
874 1194 902 1228 3,
925 1194 959 1222 12
982 1194 1088 1233 scripta
1115 1194 1261 1224 videmus:
1294 1200 1319 1224 et
1348 1203 1383 1223 ne
1406 1195 1466 1233 quis
1494 1193 1538 1223 illi
1559 1198 1635 1223 tanto
1657 1194 1784 1232 facinori
1804 1193 1928 1222 delectus

234 1250 309 1278 iussa
331 1254 481 1287 sperneret,
511 1249 675 1279 metuebant.
723 1249 770 1279 Sic
794 1249 872 1279 enim
896 1259 1014 1284 omnes,
1039 1250 1103 1280 freti
1128 1250 1232 1280 Baiteri
1256 1254 1286 1280 et
1308 1250 1411 1280 Ritteri
1437 1250 1629 1285 testimoniis,
1652 1258 1777 1288 quorum
1802 1253 1926 1288 uterque

235 1304 263 1333 in
280 1304 406 1334 Mediceo
431 1305 586 1334 metuebant
609 1316 639 1335 se
662 1305 763 1343 legisse
788 1310 921 1335 testatur.
963 1305 1052 1344 ldque
1070 1306 1274 1345 Nipperdeius,
1299 1311 1330 1336 ut
1352 1306 1426 1335 solet
1451 1307 1519 1340 fere,
1544 1306 1567 1335 si
1588 1315 1643 1344 qua
1661 1305 1828 1335 obscuriora
1846 1309 1925 1340 sunt,

236 1362 382 1399 eleganter
405 1370 438 1390 ac
461 1360 607 1390 subtiliter
630 1362 836 1400 interpretatus
861 1368 905 1392 est
929 1371 994 1391 cum
1020 1362 1091 1391 dixit
1117 1362 1195 1392 verbi
1216 1362 1375 1392 metuebant
1391 1361 1555 1391 subiectum
1574 1371 1637 1391 esse
1654 1361 1800 1391 Neronem
1817 1370 1926 1400 eosque

234 1426 307 1455 quos
331 1417 451 1447 consilio
475 1418 653 1448 adhibuerat.
698 1418 792 1448 Facile
816 1419 945 1448 concedo
970 1419 1110 1457 quosdam
1128 1428 1149 1459 ⁸a
1174 1418 1288 1448 Nerone
1312 1418 1435 1448 consilio
1460 1428 1523 1447 esse
1547 1417 1705 1451 adhibitos.
1734 1421 1763 1447 at
1786 1417 1926 1447 metuisse

237 1483 299 1508 eos,
329 1483 374 1507 ne,
399 1474 447 1512 qui
471 1474 599 1504 delectus
623 1480 707 1509 esset,
732 1480 883 1513 sperneret
905 1475 992 1510 iussa,
1016 1475 1060 1504 vix
1084 1475 1180 1505 credo.
1230 1474 1437 1504 Admonebant
1461 1474 1599 1509 fortasse,
1632 1478 1742 1504 metum
1767 1473 1925 1504 iniciebant

237 1529 359 1564 Neroni,
390 1538 448 1559 non
472 1530 526 1569 ipsi
552 1530 726 1560 metuebant.
773 1532 808 1560 At
831 1531 907 1561 Nero
931 1531 1091 1561 metuebat.
1137 1531 1167 1561 ld
1191 1537 1289 1561 autem
1315 1531 1411 1570 ipsum
1436 1531 1464 1560 in
1489 1530 1587 1560 codice
1611 1540 1630 1559 n
1652 1530 1745 1560 littera
1771 1530 1926 1569 dupliciter

236 1586 326 1615 deleta
351 1586 485 1616 ellectum
511 1591 568 1619 est,
592 1588 667 1625 quod
691 1586 763 1625 fugit
787 1587 906 1626 priores.
953 1587 1036 1617 Prior
1059 1587 1191 1617 librarius
1216 1588 1277 1627 ipse
1301 1587 1404 1617 lineola
1429 1587 1555 1616 litteram
1580 1586 1706 1622 traiecit,
1732 1591 1830 1626 postea
1854 1586 1924 1616 sub-

235 1641 376 1680 scriptum
408 1646 452 1671 est
481 1647 631 1681 punctum.
664 1661 702 1664 —
734 1643 884 1673 Difficilius
912 1648 955 1673 est
982 1644 1109 1673 iudicare
1137 1644 1173 1673 de
1201 1643 1256 1679 eis,
1285 1652 1358 1682 quae
1382 1642 1446 1672 xllt
1469 1642 1518 1677 24,
1542 1642 1560 1671 2
1591 1643 1743 1681 leguntur:
1773 1642 1828 1681 fine
1857 1643 1928 1671 anni

235 1701 315 1728 statio
340 1699 457 1728 cohortis
480 1699 606 1729 adsidere
629 1700 701 1729 ludis
725 1700 806 1730 solita
830 1700 999 1734 demovetur,
1023 1708 1076 1738 quo
1099 1702 1190 1729 maior
1213 1702 1313 1739 species
1336 1699 1470 1729 libertatis
1493 1704 1570 1733 esset,
1593 1704 1678 1738 utque
1701 1699 1779 1729 miles
1795 1697 1929 1728 theatrali

234 1754 361 1784 licentiae
383 1763 438 1784 non
453 1757 613 1794 permixtus
636 1758 826 1795 incorruptior
848 1760 949 1795 (ψοφεῖ,
973 1760 998 1784 et
1018 1755 1111 1793 plebes
1133 1756 1212 1785 daret
1228 1757 1462 1794 emperimentmn,
1486 1764 1524 1784 an
1539 1756 1638 1784 amotis
1655 1754 1812 1784 custodibus
1828 1754 1924 1784 mocle-

236 1812 317 1839 stiam
341 1813 482 1840 retineret.
529 1811 570 1841 lbi
594 1822 643 1850 que
667 1812 823 1850 particulae
845 1818 876 1842 ut
899 1812 1044 1841 adnexum
1068 1811 1097 1840 111
1121 1811 1205 1840 initio
1230 1821 1329 1841 versus
1354 1812 1465 1841 duabus
1489 1811 1571 1840 lineis
1594 1811 1722 1840 deletum
1747 1816 1807 1846 est,
1836 1810 1924 1850 idque

234 1867 298 1896 sine
321 1867 407 1896 dubio
433 1867 532 1896 eadem
559 1876 659 1901 manu,
692 1878 764 1907 quae
788 1868 912 1908 scripsit.
958 1868 1059 1906 ltaque
1082 1867 1270 1898 scribendum
1296 1872 1353 1903 est,
1381 1872 1414 1898 ut
1444 1867 1565 1902 videtur,
1588 1872 1619 1896 ut
1642 1867 1730 1896 miles.
1774 1867 1831 1897 Sed
1856 1867 1923 1906 quia

235 1932 289 1952 nec
312 1923 457 1961 intellego,
482 1923 584 1961 ecquid
608 1924 700 1954 deleto
725 1934 775 1964 que
800 1925 901 1954 melior
925 1924 973 1954 liat
993 1924 1148 1959 sententia,
1171 1934 1225 1954 nec
1241 1925 1333 1960 video,
1357 1933 1416 1964 quo
1432 1932 1530 1954 errore
1547 1923 1592 1953 illa
1610 1923 1749 1962 particula
1765 1923 1795 1952 in
1811 1927 1922 1953 textum

235 1978 385 2017 irrepsisse
409 1979 487 2008 credi
511 1980 612 2018 possit,
637 1980 709 2010 lianc
732 1991 795 2010 rem
819 1981 881 2010 aliis
906 1980 1121 2010 deliberandam
1146 1980 1293 2019 relinquo:
1318 1980 1394 2019 quod
1419 1980 1449 2009 in
1473 1979 1572 2009 codice
1588 1979 1712 2017 repperi,
1736 1979 1922 2008 dissimulan-

234 2034 304 2063 dum
329 2044 388 2064 non
414 2035 518 2073 putavi.
543 2052 583 2055 —
606 2035 696 2065 Etiam
715 2036 846 2071 X11128,
864 2037 890 2071 3,
914 2036 962 2066 ubi
988 2037 1059 2066 haec
1083 2037 1232 2075 leguntur:
1262 2037 1335 2076 quod
1363 2036 1534 2066 inmodestos
1555 2036 1684 2074 fautores
1706 2035 1875 2065 histrionum
1898 2040 1923 2064 et

234 2100 250 2119 a
271 2096 403 2128 praetore
426 2092 454 2119 in
478 2091 571 2121 vincla
596 2092 691 2122 ductos
715 2093 844 2123 tribunus
867 2095 958 2123 omitti
982 2095 1119 2127 iussisset,
1147 2093 1185 2122 ita
1208 2097 1321 2128 tamen,
1352 2097 1384 2122 ut
1411 2097 1436 2122 et
1462 2091 1630 2130 subscripto
1659 2096 1768 2131 puncto
1793 2091 1921 2121 deletum

234 2146 279 2180 sit,
304 2156 356 2184 pro
380 2152 459 2175 certo
484 2146 554 2175 nihil
578 2147 707 2181 adfirmo,
732 2149 869 2188 quoniam
893 2155 922 2179 et
945 2149 1090 2178 incertum
1116 2153 1168 2184 est,
1193 2158 1207 2178 a
1232 2158 1289 2188 quo
1312 2153 1454 2187 punctum
1480 2148 1608 2186 positum
1626 2147 1673 2181 sit,
1698 2152 1727 2178 et
1746 2146 1918 2186 particulam

234 2201 311 2231 illam
339 2211 405 2232 cum
438 2202 527 2232 Taciti
558 2212 664 2241 genere
693 2205 805 2234 dicendi
835 2205 909 2234 bene
936 2205 1093 2234 convenire
1121 2205 1214 2234 fateor
1247 2204 1295 2243 (cf.
1324 2203 1408 2243 Nipp.
1433 2204 1466 2232 ad
1499 2205 1507 2233 l
1530 2205 1579 2233 55.
1607 2204 1644 2233 111
1669 2203 1705 2233 61
1737 2213 1769 2233 ac
1798 2203 1922 2232 maxime

233 2258 329 2287 Germ.
354 2257 392 2287 34
417 2258 543 2288 atribiunt
565 2261 712 2290 immensos
734 2263 849 2300 insuper
873 2261 953 2291 lacus
975 2266 999 2291 et
1022 2260 1159 2290 Romanis
1182 2259 1315 2290 classibus
1336 2260 1504 2298 navz'yatos).
1550 2260 1610 2289 Etsi
1634 2260 1713 2299 quis,
1743 2259 1766 2288 si
1797 2258 1920 2294 abesset,

233 2312 432 2343 desideraret?
456 2332 495 2335 -—
518 2316 554 2343 At
577 2315 636 2344 xiv
655 2316 734 2347 221
767 2317 843 2347 Inter
874 2327 944 2357 quae
972 2322 997 2346 et
1023 2317 1099 2346 siclus
1129 2322 1244 2346 cometes
1271 2315 1375 2356 effulsit
1402 2315 1478 2345 idem
1512 2316 1580 2345 illud
1609 2321 1633 2346 et
1661 2315 1695 2345 ab
1719 2315 1783 2354 ipso
1805 2314 1921 2344 librario

233 2369 362 2398 deletum
387 2379 448 2399 esse
473 2371 543 2400 mihi
567 2371 730 2407 videbatur,
754 2373 868 2411 obliqua
893 2374 970 2403 euim
995 2373 1109 2407 lineola,
1133 2377 1165 2401 ut
1188 2372 1248 2401 fere
1271 2372 1355 2407 solet,
1379 2381 1448 2401 usus
1465 2376 1516 2401 est.
1555 2372 1671 2402 Tacitus
1688 2371 1777 2410 igitur
1792 2371 1918 2409 scripsit,

233 2429 265 2454 ut
292 2425 418 2455 videtur:
450 2425 526 2456 Inter
549 2436 618 2466 quae
640 2428 718 2457 siclus
741 2434 855 2458 cometes
878 2429 991 2468 effulsit.
1016 2446 1055 2449 —
1081 2429 1138 2458 Sed
1165 2433 1195 2457 ut
1218 2429 1356 2467 pleraque
1380 2437 1494 2462 eorum,
1519 2437 1593 2466 quae
1616 2427 1703 2457 modo
1728 2427 1857 2466 exposui,
1884 2427 1919 2456 iis

233 2481 280 2519 qui
306 2481 374 2511 haec
397 2482 505 2520 legent,
536 2482 722 2512 deliberanda
746 2485 863 2523 reliqui,
894 2485 966 2514 1111111
989 2494 1041 2523 pro
1066 2489 1145 2513 certo
1170 2484 1232 2522 ipse
1255 2484 1426 2518 adfirmans,
1455 2483 1493 2512 ita
1519 2493 1586 2513 eum
1610 2493 1726 2523 quoque
1749 2483 1860 2518 locum,
1885 2483 1919 2512 de

232 2545 290 2575 quo
313 2546 391 2566 nunc
421 2538 551 2568 dicturus
575 2547 656 2573 sum,
687 2540 803 2569 eosdem
830 2540 931 2571 hortor
955 2546 987 2570 ut
1010 2550 1107 2570 secum
1132 2544 1298 2569 retractent.
1345 2539 1417 2568 Nam
1443 2539 1581 2569 Subrium
1606 2539 1739 2573 Flavum,
1768 2539 1917 2568 tribunum

232 2592 391 2630 praetoriae
415 2593 556 2629 coliortis,
584 2603 676 2624 unum
707 2605 739 2625 ex
764 2596 922 2626 coniuratis
950 2596 1014 2631 illis,
1044 2596 1093 2635 qui
1119 2595 1242 2625 Neronis
1266 2595 1415 2625 occidendi
1438 2595 1592 2625 consilium
1617 2600 1769 2634 ceperant,
1801 2595 1917 2624 Tacitus
