2060 2891
1014 199 1209 229 -3-

268 294 413 323 incertum
440 301 453 319 a
478 300 545 329 quo,
581 290 708 318 deletum
734 290 818 322 esse).
865 287 939 316 Tum
964 287 999 316 XI
1028 288 1073 321 17,
1092 288 1109 315 9
1134 287 1222 326 priori
1246 296 1260 315 e
1284 286 1412 315 vocabuli
1442 286 1532 315 alecre
1566 287 1643 316 idem
1678 287 1795 325 signum
1831 286 1963 316 adiunxit

268 350 411 379 librarius.
444 356 501 385 quo
535 345 631 375 alacre
656 344 832 374 restitueret.
880 343 981 373 Postea
1009 344 1051 371 vir
1075 343 1179 371 doctus
1202 342 1305 380 aliquis
1330 351 1346 371 α
1370 342 1592 381 suprascripsit,
1627 352 1719 381 eaque.
1751 343 1870 372 demum
1896 351 1963 372 cor-

267 405 397 435 rectione
422 402 560 432 mendum
585 401 731 430 sublatum
757 410 820 429 esse
845 399 985 439 putabant
1010 399 1037 428 B.
1064 404 1091 428 et
1117 399 1158 431 R„
1193 408 1258 428 cum
1292 398 1457 427 scriberent
1491 398 1601 432 „alecre
1625 408 1668 437 pr.
1690 398 1746 433 Μ“,
1782 398 1870 428 nescii
1905 398 1962 428 iam

267 466 349 491 antea
373 468 437 489 csse
461 457 616 487 sublatum.
663 456 719 485 Sed
744 455 883 493 gravioris
916 455 1059 484 momenti
1083 459 1128 484 est
1150 459 1287 493 quartum
1313 455 1488 494 exemplum.
1535 454 1671 493 Legimus
1696 455 1774 484 enim
1800 453 1861 483 XVI
1879 453 1927 488 33,
1945 453 1962 483 3

266 527 319 556 quo
335 516 461 554 obsequio
476 513 624 551 florentem
640 511 786 542 Soranum
802 511 1000 545 celebraverat,
1026 510 1163 540 labentem
1188 519 1245 540 non
1262 511 1391 541 deseruit.
1429 511 1504 541 Nihil
1528 511 1670 541 adnotant
1686 511 1716 540 B.
1735 515 1764 540 et
1780 510 1813 540 R.
1845 510 1962 549 Quippe

267 575 294 603 in
320 572 456 602 vocabulo
478 570 613 600 labentem
639 568 769 598 inferiori
794 568 868 607 parti
893 568 997 606 prioris
1021 577 1034 596 e
1058 567 1172 597 litterae
1194 568 1332 606 laqueum
1357 567 1436 597 illum
1463 568 1491 597 in
1515 568 1663 597 sinistram
1689 576 1805 597 versum
1831 566 1961 597 additum

265 634 350 668 atque
374 629 493 665 insuper
517 625 701 664 superiorem
719 624 849 654 eiusdem
867 624 981 653 litterae
999 629 1112 662 partem
1130 623 1243 653 duabus
1260 623 1375 653 lineolis
1392 624 1519 654 deletum
1538 633 1602 653 esse
1619 628 1668 653 aut
1684 631 1744 653 non
1762 623 1898 653 viderunt
1913 627 1964 652 aut

264 685 332 725 quid
357 684 486 713 valerent
510 682 579 712 liaec
603 681 810 715 additamenta,
836 690 896 709 non
921 680 1140 710 intellexerunt.
1187 679 1333 710 Nimirum
1357 679 1493 710 librarius
1516 680 1555 718 (ei
1572 680 1650 710 enim
1670 680 1745 709 hanc
1761 688 1877 718 quoque
1896 688 1962 708 cor-

265 741 423 772 rectionem
447 738 634 769 tribuendam
652 748 714 767 esse
738 742 849 767 certum
876 738 932 773 est)
957 746 989 766 ex
1008 735 1144 766 labentem
1161 736 1228 766 fecit
1251 736 1402 766 labantem.
1450 736 1538 775 quue
1563 746 1664 766 verum
1690 740 1743 771 est,
1767 736 1843 765 sicut
1866 739 1962 765 cetera

264 808 338 838 quae
362 798 422 836 ipse
446 795 619 833 corrigendo
644 794 746 824 effecit.
793 792 921 822 Lababat
945 793 1084 827 Soranus,
1109 802 1168 822 non
1193 792 1351 822 labebatur.
1398 792 1537 822 Similiter
1559 791 1621 821 XIV
1641 792 1688 828 12,
1706 791 1742 821 21
1770 791 1884 822 labante
1906 793 1963 821 iam

263 855 428 893 Agrippina.
474 851 514 881 De
531 851 572 880 eis
595 856 701 881 autem,
726 859 798 888 quae
815 849 849 879 H.
867 849 903 878 III
921 848 969 883 23,
991 850 1002 877 1
1023 849 1172 887 leguntur:
1196 851 1328 878 sustinuit
1352 848 1490 878 labentem
1513 850 1599 879 aciem
1616 850 1752 878 Antonius
1769 850 1863 878 accitis
1874 857 1963 887 prae-

262 911 390 944 torianis,
415 908 464 938 ubi
488 908 516 936 in
542 907 669 936 Medici-o
695 906 830 935 labentem
857 906 997 945 scriptum
1024 915 1087 935 esse
1112 906 1266 938 at'tirmant,
1291 905 1403 935 codices
1421 906 1581 935 deteriores
1597 905 1741 935 labantem
1759 905 1874 940 babent,
1899 913 1960 934 non

264 967 357 996 audeo
382 964 549 997 diiudicare,
575 963 712 1001 quoniam
748 962 794 990 illo
825 962 886 991 loco
911 962 1074 991 Mediceum
1099 962 1220 991 alterum
1247 971 1306 991 non
1332 962 1454 1001 inspexi.
1501 962 1706 1000 Suspicionem
1735 966 1835 991 tamen
1864 965 1962 990 movet

262 1023 408 1061 scriptura
434 1020 566 1049 codicum
592 1019 777 1052 deteriorum,
803 1018 910 1057 quippe
935 1018 983 1056 qui
1007 1027 1040 1046 ex
1066 1018 1113 1047 illo
1139 1018 1283 1056 originem
1309 1018 1452 1047 duxerint.

407 1077 443 1106 XI
465 1076 519 1111 38,
548 1076 582 1105 12
619 1075 747 1104 Ilalinius
771 1084 803 1104 ar
838 1075 969 1113 plerique
1005 1075 1219 1104 recentiorum:
1259 1084 1321 1104 cum
1345 1084 1433 1113 supra
1450 1074 1607 1104 Pallantem
1630 1080 1655 1104 et
1681 1073 1831 1104 Callistum
1860 1079 1961 1113 ageret,

263 1135 409 1165 Ritterum
433 1133 536 1165 secuti,
561 1132 609 1170 qui
635 1132 663 1160 in
681 1135 761 1160 textu
784 1131 881 1170 posuit
904 1140 990 1169 supra
1016 1140 1070 1160 uec
1094 1131 1129 1160 de
1153 1131 1273 1161 Medicei
1297 1131 1442 1170 scriptura
1470 1131 1629 1170 quidquam
1655 1130 1702 1160 hic
1725 1130 1883 1160 adnotavit.
1924 1130 1962 1159 At

263 1192 339 1221 idem
364 1189 494 1219 Ritterus
518 1188 550 1218 ad
577 1188 613 1217 XI
635 1188 679 1224 16,
701 1187 737 1217 19
760 1196 844 1226 super
867 1193 980 1217 cunctos
1004 1187 1153 1217 attollatur
1176 1187 1214 1216 ibi
1238 1196 1321 1226 super
1350 1197 1401 1226 per
1429 1187 1505 1216 idem
1535 1187 1742 1226 compendium
1777 1186 1805 1215 in
1830 1185 1960 1216 Mediceo

263 1246 351 1277 scribi
374 1245 453 1283 dicit,
487 1254 539 1283 per
572 1244 648 1282 quod
680 1243 823 1273 scribatur
848 1254 873 1273 c.
894 1242 933 1272 28
958 1243 1000 1281 (in
1026 1253 1093 1273 voce
1117 1244 1284 1282 superesset)
1314 1248 1342 1273 et
1366 1243 1415 1273 38.
1460 1243 1521 1273 Hoc
1544 1252 1643 1273 verum
1668 1248 1721 1277 est,
1745 1242 1816 1272 illud
1839 1242 1961 1279 falsum;

263 1313 295 1333 ac
319 1307 397 1332 recte
414 1301 545 1331 Baiterus
569 1300 606 1329 XI
624 1300 672 1335 38,
692 1299 728 1328 12
752 1309 836 1339 super
854 1300 882 1329 in
900 1299 996 1329 codice
1013 1300 1154 1339 scriptum
1172 1309 1236 1329 esse
1253 1300 1331 1329 dicit.
1378 1299 1505 1329 Plurima
1527 1299 1604 1329 enim
1628 1305 1698 1329 sunt
1721 1299 1862 1338 exempla,
1887 1308 1960 1338 quae

263 1359 310 1388 illo
334 1356 509 1397 compendio
533 1365 648 1395 semper
670 1365 763 1394 super,
787 1365 948 1394 numquam
972 1365 1060 1394 supra
1085 1355 1241 1394 significari
1266 1356 1398 1386 doceant.
1435 1356 1583 1386 Baiterum
1607 1356 1655 1385 illo
1678 1356 1741 1385 loco
1773 1360 1892 1385 secutus
1916 1359 1960 1385 est

264 1423 343 1444 unus
368 1413 570 1453 Nipperdeius,
606 1416 768 1451 sequantur
802 1417 919 1451 oportet
942 1412 1044 1451 reliqui
1070 1412 1207 1450 editores.
1232 1412 1280 1441 ubi
1302 1412 1431 1450 primum
1449 1412 1609 1451 corrigendi
1626 1412 1747 1442 facultas
1771 1411 1836 1441 data
1861 1411 1916 1441 erit
1931 1415 1961 1442 et

263 1471 395 1501 scribant
418 1479 481 1500 cum
504 1478 588 1508 super
612 1469 767 1498 Pallantem
792 1475 815 1497 et
843 1468 990 1498 Callistum
1014 1474 1115 1507 ageret.

404 1525 456 1555 XII
473 1527 500 1558 5,
519 1524 535 1553 3
560 1525 677 1554 necdum
701 1525 844 1555 celebrare
866 1524 1013 1554 sollemnia
1036 1526 1202 1563 nuptiarum
1224 1525 1364 1553 audebant
1383 1524 1455 1557 (scil.
1471 1524 1608 1554 Claudius
1630 1529 1658 1554 et
1674 1524 1855 1563 Agrippina),
1880 1523 1960 1554 nullo

262 1582 388 1622 ezcemplo
412 1583 546 1612 deductae
569 1584 597 1611 iu
623 1582 734 1611 domum
756 1583 857 1620 patrui
876 1582 980 1619 fratris
1003 1581 1094 1619 filiae:
1119 1583 1183 1619 quin
1208 1586 1232 1609 et
1257 1582 1404 1616 incestum;
1429 1590 1461 1610 ac
1483 1582 1509 1610 si
1529 1586 1717 1619 sperneretur.
1741 1589 1775 1610 ne
1799 1582 1829 1610 in
1851 1579 1960 1610 malum

259 1639 405 1679 publicum
428 1644 593 1678 erumperet.
618 1639 798 1668 metuebatur.
847 1638 895 1667 Sic
919 1637 1126 1676 Nipperdeius;
1152 1647 1205 1667 nec
1230 1646 1307 1667 nunc
1331 1646 1450 1675 quaere,
1474 1642 1592 1667 rectene
1622 1636 1656 1666 ad
1680 1639 1815 1666 incestum
1838 1636 1958 1676 supple-

262 1696 336 1725 verit
359 1704 430 1729 esse3
454 1695 510 1724 hoc
533 1694 596 1724 dico
622 1700 698 1724 recte
722 1704 787 1724 eum
813 1694 965 1733 scripsisse
988 1694 1164 1723 metuebatur
1193 1693 1266 1729 (scil.
1291 1693 1326 1722 ab
1350 1694 1507 1732 Agrippina
1532 1698 1560 1723 et
1583 1693 1726 1732 Claudio).
1772 1693 1844 1722 Nam
1862 1693 1958 1723 Ritte-

263 1761 314 1782 rus
331 1752 360 1781 in
378 1751 478 1781 codice
502 1751 658 1780 metuebant
682 1752 792 1781 adiecta
814 1751 922 1789 virgula
947 1750 1050 1789 legisse
1074 1760 1103 1780 se
1127 1755 1260 1783 testatur,
1286 1750 1363 1779 unde
1387 1749 1417 1778 in
1439 1754 1518 1779 textu
1542 1750 1640 1789 posuit
1661 1750 1829 1779 metuebant.
1874 1749 1959 1779 {Iunc

263 1813 384 1838 secutus
409 1812 450 1837 est
474 1807 645 1836 Ptitznerus.
691 1807 762 1837 Vera
786 1808 821 1837 de
845 1807 899 1836 hoc
923 1816 1039 1845 quoque
1063 1807 1125 1835 loco
1149 1806 1259 1836 rettulit
1278 1805 1425 1841 Baiterus3
1455 1815 1522 1835 nam
1548 1806 1577 1835 in
1593 1805 1720 1835 Mediceo
1743 1809 1843 1844 aperte
1865 1805 1958 1844 scrip-

262 1868 324 1893 tum
350 1869 394 1893 est
416 1863 600 1897 metuebatur,
625 1863 710 1901 idque
733 1864 796 1893 sine
822 1863 876 1892 ulla
901 1873 998 1892 rasura
1025 1868 1074 1891 aut
1098 1868 1273 1892 correctura.
1321 1863 1419 1900 ltaque
1442 1862 1600 1891 metuebant
1616 1866 1695 1891 textu
1714 1861 1880 1900 pellendum
1905 1865 1957 1891 est.

405 1919 454 1949 Xll
475 1919 522 1953 14,
540 1919 576 1947 12
602 1919 684 1948 (Iones
703 1920 840 1949 Carenem
853 1919 1015 1958 profligatis
1032 1920 1153 1948 obversis
1170 1919 1279 1957 lonyius
1302 1924 1424 1948 evectum
1445 1920 1551 1957 iuteyer
1573 1928 1591 1947 a
1614 1923 1689 1956 ter90
1710 1917 1810 1957 ylobus
1834 1920 1957 1947 circum-

263 1977 378 2005 veniret.
418 1975 479 2005 Hoc
503 1975 565 2004 loco
590 1975 721 2014 displicet
745 1980 774 2005 et
797 1976 1016 2015 participiorum
1041 1975 1200 2005 inlucunda
1226 1974 1384 2004 cumulatio
1402 1978 1430 2003 et
1447 1974 1631 2013 participium
1656 1974 1789 2004 obversus
1805 1975 1868 2004 loco
1885 1974 1958 2004 sub-

263 2031 379 2061 stantivi
402 2031 542 2070 positum,
566 2031 647 2060 cuius
671 2032 726 2061 hoc
751 2032 867 2062 unicum
892 2032 968 2071 apud
992 2032 1124 2061 Tacitum
1160 2031 1325 2070 exemplum
1358 2035 1409 2060 est.
1455 2030 1513 2060 Nec
1536 2040 1604 2059 vero
1639 2030 1669 2060 in
1693 2031 1792 2061 codice
1815 2030 1956 2070 scriptum

265 2092 309 2117 est
331 2087 463 2120 obversis,
487 2086 538 2116 sed
563 2087 663 2119 obusis.
687 2088 763 2126 quod
788 2088 859 2117 vidit
884 2088 1022 2120 Baiterus,
1047 2088 1173 2126 neglexit
1198 2088 1336 2117 Ritterus.
1384 2087 1444 2116 lam
1467 2087 1642 2125 comparatis
1667 2096 1742 2126 quae
1765 2087 1884 2126 scripsit
1898 2087 1955 2117 Ta-

262 2143 337 2172 citus
362 2142 393 2171 u.
413 2142 446 2171 IlI
467 2142 512 2176 17,
533 2142 570 2171 12
588 2143 723 2172 Antonius
738 2145 844 2174 instare
860 2144 1008 2182 perculsis,
1032 2149 1157 2173 sternere
1181 2143 1275 2173 obvios
1298 2147 1327 2173 et
1354 2144 1426 2172 Aun.
1443 2142 1505 2171 XIV
1522 2142 1571 2177 30,
1589 2142 1608 2171 9
1630 2144 1760 2182 inferunt
1782 2145 1862 2182 siyna
1883 2149 1956 2174 ster-

261 2204 385 2238 nuntque
408 2199 502 2228 obvios
523 2204 547 2228 et
571 2200 628 2237 iqui
649 2208 698 2228 suo
720 2200 868 2230 involvunt
891 2200 938 2229 illo
962 2199 1025 2229 loco
1049 2199 1205 2238 prolliyatis
1230 2200 1316 2229 obviis
1340 2198 1528 2228 scribendum
1552 2208 1617 2228 esse
1639 2199 1722 2229 facile
1747 2199 1892 2235 conicias;
1915 2199 1958 2228 sic

262 2255 342 2284 enim
366 2259 489 2293 utraque
513 2254 645 2289 offensio,
681 2256 716 2285 de
739 2265 794 2294 qua
819 2265 905 2294 supra
929 2255 996 2289 dixi,
1031 2255 1151 2284 tollitur.
1197 2255 1255 2284 Nec
1279 2255 1374 2285 minus
1398 2255 1463 2284 lene
1486 2254 1542 2284 boc
1574 2255 1748 2291 remedium,
1776 2264 1835 2294 quo
1858 2264 1871 2285 s
1892 2255 1924 2285 in
1946 2256 1959 2284 i

264 2314 401 2348 mutatur,
427 2315 470 2340 est
494 2320 581 2349 quam
605 2311 685 2346 illud,
710 2322 767 2350 quo
792 2321 845 2350 pro
869 2322 887 2340 u
910 2311 1047 2341 scribitur
1069 2319 1129 2344 uer,
1154 2311 1171 2339 i.
1185 2321 1210 2340 e.
1234 2311 1263 2340 a.

404 2366 454 2395 ΧΠ
472 2365 520 2400 36,
540 2367 587 2401 11,
611 2366 660 2396 ubi
683 2377 779 2405 regem
805 2368 974 2397 Caratacum
999 2367 1094 2406 paullo
1119 2371 1185 2396 ante
1210 2372 1326 2406 captum
1352 2377 1365 2396 a
1390 2367 1509 2397 Claudio
1534 2368 1657 2397 Caesare
1691 2367 1799 2406 populo
1823 2367 1954 2397 Romano

263 2425 438 2451 ostentatum
463 2432 527 2452 esse
551 2423 667 2452 Tacitus
691 2424 800 2459 scribit⁷
826 2424 896 2453 haec
919 2424 1070 2462 leguntur:
1110 2424 1300 2453 incedentibus
1332 2425 1415 2462 reyiis
1445 2424 1586 2453 clientelis.
1631 2423 1693 2452 Hoc
1721 2424 1784 2453 loco
1815 2423 1955 2453 clientelas

262 2486 314 2515 pro
339 2477 482 2507 clientibus
506 2479 560 2508 dici
584 2479 668 2517 vulgo
692 2480 862 2508 existimant
895 2486 981 2519 atque
1017 2480 1139 2508 eandem
1173 2479 1445 2518 interpretationem
1480 2479 1605 2518 amplexi
1638 2484 1709 2508 sunt
1738 2479 1820 2509 lexici
1843 2478 1951 2508 Tacitei

263 2536 405 2566 auctores.
429 2535 475 2572 qui
501 2535 558 2563 duo
581 2535 633 2564 alia
658 2535 786 2564 eiusdem
811 2536 1027 2574 significationis
1051 2536 1181 2574 exempla
1207 2536 1358 2565 adferunt:
1381 2535 1444 2564 XIII
1462 2535 1512 2570 37,
1531 2537 1543 2564 1
1570 2541 1600 2566 at
1616 2534 1756 2565 Tiridates
1777 2544 1863 2573 super
1881 2543 1953 2573 pro-

261 2590 341 2626 prias
364 2588 503 2619 clientelas
526 2600 574 2629 ope
604 2590 739 2629 Vologesis
761 2592 863 2630 fratris
886 2592 1001 2621 adiutus
1024 2596 1051 2620 et
1077 2592 1136 2621 XIV
1158 2592 1211 2625 61,
1232 2591 1267 2620 12
1292 2593 1378 2621 vitam
1400 2593 1491 2630 ipsam
1519 2593 1549 2621 in
1576 2596 1736 2621 eattremum
1758 2591 1914 2620 adductam
1936 2599 1954 2619 a
