2060 2891
956 208 1176 237 -14-

225 303 364 335 ostendit3
399 308 464 329 nam
489 298 649 336 asyndeton
673 297 742 326 ferri
767 305 826 325 non
856 300 958 334 potest.
1007 296 1111 325 Verum
1142 295 1232 323 codex
1262 304 1380 333 quoque
1409 294 1560 333 vestigium
1591 294 1736 333 quoddam
1768 295 1911 333 genuinae

225 358 382 396 scripturae
405 355 519 384 retinet.
565 354 665 391 Neque
689 352 765 381 euim
790 352 962 390 simpliciter
984 361 1020 381 ew
1043 352 1184 390 scriptum
1209 355 1253 380 est
1276 352 1305 380 in
1322 350 1460 385 Mediceo,
1485 351 1534 380 sed
1558 357 1583 380 et
1609 351 1638 380 in
1655 360 1690 380 ea)
1707 351 1805 380 eadem
1825 359 1913 380 manu

225 415 262 443 ita
286 417 456 443 correctum,
493 413 523 439 ut
546 409 647 439 eodem
672 410 753 447 signo
777 408 834 438 duo
858 409 902 437 illa
928 408 1062 438 vocabula
1087 408 1242 437 coniuncta
1267 407 1482 437 contineantur.
1529 407 1639 446 Nempe
1664 407 1810 441 librarius⁷
1845 416 1911 436 cum

224 475 248 499 et
271 468 442 507 scripsisset,
477 466 538 495 viso
562 465 592 494 in
615 465 771 504 exemplari
799 473 852 493 suo
881 464 1020 494 vocabulo
1048 473 1093 498 ecc,
1128 464 1205 503 quod
1234 464 1369 503 deinceps
1399 463 1584 493 scribendum
1615 468 1686 498 erat,
1720 462 1913 492 similitudine

225 526 348 555 duorum
375 521 578 551 vocabulorum
603 521 740 551 inductus
764 525 817 555 est,
854 525 884 549 ut
908 521 1030 550 alterum
1059 529 1113 558 pro
1141 520 1231 549 altero
1261 529 1292 549 se
1320 520 1453 558 posuisse
1481 520 1620 555 crederet,
1657 529 1723 549 cum
1753 523 1912 558 utrumque

224 579 407 610 scribendum
432 582 518 607 esset.
543 595 582 598 —
608 579 700 616 Atque
725 577 809 606 etiam
834 576 868 605 de
892 577 942 610 eis,
967 585 1040 615 quae
1065 576 1153 605 codex
1179 576 1265 604 habet
1288 574 1349 605 XlV
1367 574 1416 609 39,
1437 575 1483 611 12,
1501 575 1676 605 accuratiora
1694 575 1817 605 dicenda
1833 578 1911 609 sunt,

225 646 310 676 (tuam
335 644 407 674 quae
431 634 568 664 dixerunt
597 634 717 672 priores.
765 633 797 661 Hi
828 633 906 662 enim
938 633 965 661 in
990 632 1117 661 Mediceo
1147 632 1217 661 haec
1245 641 1275 660 se
1304 631 1407 669 legisse
1437 632 1580 661 referunt:
1616 631 1690 671 quod
1715 636 1778 670 post
1803 640 1913 670 paucas

224 702 306 722 naves
330 714 336 720 .
362 713 368 719 .
394 713 399 719 .
424 692 564 722 amiserat.
589 699 643 719 nec
667 690 766 719 dicunt
791 689 921 718 vocabuli
942 694 1004 728 post
1028 689 1097 718 duas
1121 693 1265 717 extremas
1290 688 1399 717 litteras
1423 687 1529 726 positas
1553 697 1615 717 esse
1640 688 1669 717 in
1693 696 1792 717 rasura
1824 691 1913 726 atque

224 759 309 779 manu
334 748 493 786 posteriore
517 752 655 781 exaratas,
690 747 766 776 illam
790 751 887 775 autem
914 755 1045 775 rasuram
1072 745 1159 775 etiam
1184 745 1299 782 longius
1327 745 1474 783 pertinere
1502 752 1555 773 nec
1588 744 1712 783 spatium
1743 753 1843 773 versus
1877 743 1914 780 (is

225 806 301 834 enim
326 804 466 833 hocloco
490 802 678 839 terminatur)
713 807 804 831 totum
835 812 898 832 esse
927 802 1084 841 expletum.
1140 802 1190 831 llis
1219 801 1333 831 iudiciis
1361 805 1484 838 augetur
1512 799 1700 838 probabilitas
1728 799 1913 829 coniecturae

224 861 334 894 Halmii,
368 860 417 898 qui
445 864 507 898 post
539 859 567 888 in
602 864 695 897 postea
725 859 828 888 mutari
860 859 954 888 iussit.
1006 858 1121 888 Scilicet
1154 858 1221 887 illud
1251 858 1312 887 iure
1347 857 1372 886 ei
1396 855 1577 895 displicebat,
1602 856 1668 895 quia
1685 855 1811 894 speciem
1829 855 1914 886 habet

226 916 448 956 praepositionis
472 925 581 953 eosque
605 916 654 953 qui
677 916 776 953 legunt
804 924 902 944 errore
930 915 1068 953 implicat.
1116 914 1187 943 Nam
1217 913 1367 943 dissimilia
1396 918 1465 942 sunt
1500 923 1573 952 quae
1596 912 1727 943 Ritterus
1762 915 1913 951 comparat

228 973 275 1002 XV
289 973 369 1007 24‚6
393 981 486 1011 nuper
502 972 629 1001 clausum
647 970 803 1009 Tigranem
822 976 885 1010 post
910 970 1024 1000 Paetum
1048 970 1175 1009 Ieyiones.
1201 980 1264 999 cum
1288 971 1444 1008 opprimere
1463 974 1563 1008 posset.
1587 968 1740 998 incolumes
1764 968 1912 1004 dimisisse,-

222 1029 261 1058 ibi
285 1029 362 1058 enim
387 1028 525 1057 vocabulo
547 1036 647 1066 nuper,
672 1027 748 1065 quod
773 1027 930 1061 antecedit,
954 1027 1129 1066 praemoniti
1156 1027 1253 1055 statim
1274 1026 1482 1063 intellegimus,
1513 1035 1586 1064 quae
1610 1025 1646 1054 sit
1663 1029 1764 1054 natura
1782 1024 1913 1054 vocabuli

219 1090 290 1125 post.
315 1102 354 1105 ——
381 1084 443 1113 Non
469 1084 561 1113 multo
585 1088 649 1122 post
673 1083 747 1121 (xtv
765 1083 849 1119 44,5)
874 1083 945 1112 haec
967 1083 1084 1121 scripsit
1107 1082 1237 1112 Tacitus:
1261 1091 1328 1112 saue
1351 1082 1497 1111 consilium
1522 1081 1677 1111 occultavit.
1726 1081 1754 1110 B.
1779 1085 1807 1111 et
1828 1081 1858 1110 R.
1884 1081 1913 1110 in

222 1141 295 1170 libro
321 1139 447 1169 Mediceo
472 1140 549 1169 occul
571 1142 612 1169 ruit
635 1139 775 1178 scriptum
801 1144 829 1168 et
852 1139 945 1178 spatio
970 1148 1059 1168 vacuo
1085 1148 1172 1168 mauu
1203 1139 1365 1168 recentiore
1393 1143 1421 1168 ta
1453 1138 1573 1167 inlatum
1603 1147 1665 1167 esse
1696 1141 1774 1167 recte
1802 1136 1912 1166 dicunt.

222 1197 282 1226 lloc
306 1197 511 1235 supplemento
536 1205 654 1225 manum
679 1196 769 1225 Taciti
794 1195 959 1225 restitutam
985 1205 1050 1224 esse
1074 1195 1267 1234 Nipperdeius
1290 1195 1356 1224 inde
1384 1194 1507 1232 collegit,
1543 1195 1619 1233 quod
1652 1194 1731 1224 verbi
1760 1193 1913 1223 occulendi

223 1254 279 1283 duo
303 1257 417 1282 tantum
443 1258 586 1291 tempora,
611 1261 746 1291 praesens
771 1256 799 1281 et
823 1251 1039 1290 imperfectum,
1063 1251 1137 1290 apud
1156 1251 1288 1281 Tacitum
1313 1255 1422 1280 extant.
1469 1250 1542 1280 Huic
1565 1256 1739 1289 argumento
1763 1250 1820 1279 iam
1838 1250 1913 1279 addo

222 1310 343 1338 alterum
369 1318 402 1337 ex
427 1309 489 1348 ipso
514 1308 612 1337 codice
636 1308 853 1347 depromptum.
900 1307 1027 1336 Vacuum
1053 1308 1129 1336 enim
1155 1307 1282 1346 spatium
1307 1307 1377 1337 illud
1401 1307 1529 1346 positum
1555 1312 1600 1336 est
1622 1307 1651 1336 in
1681 1307 1800 1341 macula,
1835 1306 1912 1346 quod

223 1365 289 1394 olim
315 1365 418 1394 litteris
442 1363 588 1402 expletum
613 1364 701 1393 fuisse,
726 1364 793 1393 inde
819 1364 1004 1401 intellegitur.
1041 1365 1118 1402 quod
1142 1364 1172 1393 in
1197 1364 1296 1393 eadem
1323 1364 1434 1393 macula
1464 1364 1493 1393 in
1524 1373 1558 1392 eo
1588 1373 1671 1393 versu
1703 1363 1751 1402 qui
1780 1362 1914 1401 sequitur

222 1421 285 1450 sine
309 1420 526 1450 intermissione
543 1421 685 1458 scriptum
704 1425 747 1450 est
771 1420 911 1450 excubias.
958 1420 1104 1450 Ritterum
1130 1420 1226 1459 igitur,
1253 1420 1301 1458 qui
1325 1420 1445 1449 occuluit
1469 1420 1594 1459 scripsit,
1623 1429 1683 1449 non
1713 1419 1799 1449 modo
1822 1418 1913 1448 Taciti

223 1485 313 1514 genus
338 1476 462 1509 dicendi,
488 1476 537 1505 sed
564 1477 647 1505 etiam
674 1477 761 1506 codex
786 1477 846 1515 ipse
871 1477 1011 1506 confutat.

362 1532 410 1560 XV
428 1532 456 1564 6,
474 1531 492 1561 8
515 1542 553 1561 au
578 1532 675 1562 melius
698 1533 886 1562 hibernavisse
909 1535 939 1562 in
962 1538 1091 1562 extrema
1110 1532 1286 1571 Cappadocia
1310 1549 1349 1553 —
1373 1541 1456 1571 quam
1472 1531 1581 1562 insede
1601 1532 1682 1570 requi
1695 1530 1776 1560 modo
1792 1528 1912 1560 retenti?

221 1587 342 1617 Temere
370 1588 499 1617 Ritterus
530 1589 644 1623 obtcutz';
678 1590 706 1617 in
739 1589 868 1618 Medicco
903 1594 999 1618 autem
1035 1589 1175 1628 scriptum
1211 1598 1276 1618 esse
1310 1588 1378 1618 dicit
1412 1590 1541 1621 conteuti,
1575 1588 1770 1626 suprascripta
1804 1587 1914 1626 primae

222 1644 346 1682 syllabae
371 1648 487 1678 „vetere
514 1648 619 1673 manir‘
644 1644 748 1683 syllaba
772 1654 812 1674 re.
859 1645 948 1675 Recte
973 1645 1103 1675 Baiterus
1128 1646 1202 1674 lianc
1223 1644 1361 1684 syllabam
1386 1644 1421 1674 ab
1446 1645 1508 1683 ipso
1532 1644 1650 1673 librario
1682 1643 1825 1673 adiectam
1849 1651 1914 1672 esse

222 1700 359 1729 affirmat.
405 1700 487 1729 Unde
511 1700 641 1729 Tacitum
669 1704 770 1730 retenti
797 1701 947 1740 scripsisse
976 1706 1089 1730 certum
1119 1705 1172 1730 est.
1223 1701 1297 1736 Quid
1332 1701 1409 1738 quod
1445 1711 1458 1730 c
1492 1701 1604 1730 litterae
1637 1699 1771 1729 adiuncta
1806 1702 1849 1727 est
1879 1697 1914 1727 ab

221 1755 360 1785 inferiore
395 1760 475 1794 parte.
505 1756 601 1785 tenuis
631 1757 734 1786 lineola
765 1757 927 1795 eademque
957 1757 1026 1786 satis
1061 1755 1169 1794 longa?
1215 1756 1276 1791 Qua
1312 1756 1383 1785 mibi
1419 1756 1532 1786 videtur
1566 1755 1702 1785 librarius
1737 1754 1914 1792 significasse

222 1811 357 1850 syllabam
383 1820 433 1841 con
457 1821 519 1840 esse
543 1812 709 1841 tollendam.
756 1813 938 1851 Quamquam
963 1821 1022 1851 quo
1045 1821 1144 1841 errore
1169 1812 1306 1842 inductus
1331 1813 1379 1848 sit,
1415 1817 1446 1841 ut
1475 1821 1525 1841 cou
1550 1811 1696 1845 scriberet,
1731 1811 1839 1846 nescio,
1864 1809 1914 1848 qui

224 1876 260 1896 ne
284 1868 310 1897 id
335 1868 454 1906 quidem
480 1868 578 1901 sciam,
602 1868 670 1906 quid
694 1869 747 1897 sibi
773 1869 863 1898 valeat
887 1869 995 1906 virgula
1021 1869 1090 1897 satis
1115 1877 1208 1897 crassa
1239 1878 1327 1907 supra
1351 1879 1363 1898 c
1387 1869 1513 1898 litteram
1545 1868 1624 1906 (ante
1653 1867 1696 1905 re)
1725 1867 1828 1906 posita,
1857 1867 1914 1896 nisi

223 1927 296 1953 t'orte
319 1934 394 1953 noro
419 1933 517 1953 errore
541 1933 593 1962 pro
617 1934 667 1954 cou
690 1926 841 1964 scripsisse
866 1934 954 1954 conon
978 1926 1058 1963 (nam
1083 1923 1099 1954 ὁ
1129 1930 1173 1954 est
1197 1930 1259 1959 con)
1290 1924 1499 1954 existimandus
1528 1928 1581 1953 est.
1627 1924 1677 1953 Set
1708 1928 1772 1953 utut
1799 1923 1826 1952 id
1857 1927 1910 1957 est,

223 1986 301 2010 certe
325 1982 400 2019 quod
427 1981 597 2019 deliquerat,
620 1981 679 2019 ipse
704 1981 838 2011 correxit.

364 2037 412 2066 XV
431 2036 479 2071 63,
498 2036 514 2065 3
540 2037 581 2065 sic
598 2036 725 2066 Halmius
743 2047 774 2066 ac
790 2037 987 2066 recentiorum
1006 2037 1151 2075 plerique:
1175 2042 1256 2075 roqat
1272 2042 1388 2076 oratque
1404 2041 1569 2075 temperaret
1586 2035 1680 2065 dolori
1693 2045 1749 2065 ueu
1764 2040 1911 2065 aeternum

222 2094 379 2130 susciperet,
413 2092 491 2130 quod
516 2092 637 2121 coniecit
660 2093 806 2123 Heinsius.
852 2093 888 2122 At
922 2093 945 2121 J.
971 2092 1017 2121 Fr.
1047 2093 1211 2122 Gronovius
1245 2097 1274 2122 et
1304 2093 1434 2122 Baiterus
1470 2097 1496 2121 et
1521 2092 1712 2131 Nipperdeins
1746 2096 1915 2130 temperaret

225 2147 346 2177 dolorem
375 2153 521 2178 aeteruum
543 2150 690 2186 suscipere.
737 2150 842 2179 Utrum
868 2149 972 2178 melius
995 2149 1041 2183 sit,
1073 2158 1151 2178 nunc
1174 2149 1324 2178 diiudicari
1348 2152 1454 2187 potest.
1501 2148 1587 2186 Fugit
1612 2148 1690 2178 enim
1715 2147 1861 2177 Baiterum
1886 2150 1914 2176 et

225 2204 378 2240 Ritterum,
403 2213 461 2234 non
486 2205 655 2243 simpliciter
679 2206 801 2235 dolorem
825 2206 966 2244 scriptum
992 2214 1057 2234 esse
1080 2206 1110 2234 in
1134 2205 1272 2238 Mediceo,
1295 2205 1345 2234 sed
1364 2205 1506 2237 doloriem,
1532 2205 1570 2233 ita
1595 2204 1756 2234 coniunctis
1780 2203 1859 2232 inter
1882 2212 1914 2232 se

225 2259 328 2289 litteris
352 2263 364 2290 i
385 2265 413 2290 et
436 2270 458 2294 e,
482 2268 515 2290 ut
539 2261 630 2300 possit
653 2263 760 2300 quaeri,
786 2262 975 2301 scripseritne
998 2261 1131 2290 librarius
1155 2261 1291 2291 doloriem
1313 2269 1348 2290 an
1365 2261 1408 2289 vel
1425 2260 1517 2289 dolori
1533 2269 1565 2289 ex
1584 2259 1708 2289 dolorem
1724 2259 1766 2288 vel
1791 2258 1914 2288 dolorem

226 2324 259 2344 ex
282 2316 374 2346 dolori
396 2317 563 2347 correxerit.
608 2317 679 2346 Illud
705 2318 773 2347 mibi
798 2317 978 2357 probabilius
1002 2326 1067 2346 esse
1090 2317 1252 2347 videbatur.
1298 2317 1397 2356 Itaque
1427 2316 1482 2345 iam
1513 2316 1636 2346 dubium
1666 2324 1725 2345 non
1755 2319 1807 2348 est,
1843 2314 1913 2353 quin

226 2376 303 2401 recte
327 2373 459 2402 Heinsius
483 2373 613 2402 dativum
638 2374 811 2407 restituerit,
836 2383 887 2403 nec
912 2374 1010 2403 minus
1035 2377 1148 2402 certum
1173 2383 1206 2402 ex
1231 2373 1339 2412 syllaba
1362 2382 1405 2402 em
1427 2372 1593 2401 faciendum
1617 2381 1680 2401 esse
1702 2380 1766 2400 neu.

365 2429 426 2458 xvi
443 2429 472 2463 9,
488 2428 506 2458 S
530 2429 600 2468 quin
623 2429 811 2459 scribendum
836 2430 874 2459 sit
896 2430 943 2460 sed
964 2439 1021 2459 uon
1043 2431 1183 2458 remittere
1206 2431 1368 2468 percussori
1386 2429 1507 2467 qloriam
1530 2429 1686 2462 ministerii,
1712 2427 1798 2456 hodie
1821 2435 1910 2455 neruo

226 2482 338 2512 dubitat
361 2486 440 2517 (nam
465 2485 639 2523 pronomine
661 2494 697 2517 se,
733 2486 826 2523 quod,
860 2491 892 2515 ut
916 2486 1015 2516 multis
1039 2486 1101 2514 aliis
1126 2486 1207 2520 locis,
1243 2486 1280 2515 ita
1304 2485 1350 2514 hic
1372 2493 1489 2523 quoque
1514 2485 1643 2514 Ritterus
1673 2488 1741 2513 ante
1773 2484 1914 2512 remittere

227 2538 359 2572 inseruit,
383 2549 454 2578 opus
478 2550 539 2570 non
563 2542 629 2580 est).
675 2541 732 2570 Sed
757 2542 826 2580 quid
851 2542 879 2570 in
904 2542 1003 2571 codice
1021 2541 1162 2580 scriptum
1180 2542 1226 2576 sit,
1243 2541 1336 2571 adhuc
1352 2541 1510 2576 nescimuS,
1527 2540 1663 2578 ambigui,
1682 2544 1782 2569 utrum
1801 2539 1913 2568 Baitero

228 2602 262 2622 an
288 2594 395 2623 Rittero
418 2597 578 2626 credamus.
625 2597 674 2626 Ille
698 2597 775 2627 enirn
797 2599 971 2635 peremittere
995 2600 1056 2636 (per
1080 2598 1255 2636 compendio
1284 2597 1437 2636 scriptum)
1467 2597 1544 2635 legit,
1574 2596 1621 2626 hic
1645 2597 1836 2635 „perenu‘ttere
1859 2604 1912 2633 pr„
