2060 2891
946 187 1168 218 -10-.

213 294 299 324 supra
324 281 505 315 enumeravi3
531 289 596 309 nam
623 278 749 308 medium
767 288 779 307 s
796 286 887 316 paene
911 281 1005 307 totum
1032 284 1148 306 erasum
1173 279 1226 304 cst.
1270 274 1328 304 lam
1354 283 1420 304 vero
1444 274 1531 305 etiam
1555 274 1603 304 XV
1626 274 1670 309 10,
1691 275 1726 304 17
1748 275 1906 314 promptius

212 343 425 372 sustentavisset.
450 346 531 376 aeyre
554 335 729 374 compulsum
751 335 851 373 ferunt
873 338 952 362 recte
977 334 1110 372 plerique
1144 332 1334 371 scripserunt.
1381 331 1452 360 Nam
1477 337 1502 361 et
1524 332 1603 367 illud,
1631 332 1709 372 quod
1733 335 1798 361 ante
1822 339 1904 370 aeyre

213 398 243 428 in
266 398 363 427 codice
386 396 578 433 reppererunt
612 391 663 421 viri
689 391 773 423 docti,
810 399 863 419 nec
898 395 992 420 totum
1024 398 1194 428 expressum
1220 393 1264 417 est
1287 405 1325 409 —-
1350 388 1432 417 deest
1456 388 1533 418 enim
1557 389 1587 418 in
1612 389 1711 418 dextra
1737 391 1816 426 parte
1839 386 1903 416 eius

213 454 287 493 signi
310 450 465 491 superioris
489 449 614 487 virgulae
639 447 763 476 maxima
787 455 852 486 pars
876 463 915 466 —
940 450 968 475 et
991 445 1068 484 quod
1104 445 1166 474 eius
1198 444 1325 482 virgulae
1360 448 1446 478 extat,
1482 449 1578 483 potest
1600 445 1688 474 videri
1721 448 1823 483 coepto
1847 452 1903 472 nec

214 509 344 539 absoluto
368 507 450 545 signo
474 505 643 535 adiunctum
669 513 742 538 esse,
767 512 824 542 qno
848 503 876 532 id
901 506 994 531 totum
1019 501 1175 531 delendum
1200 510 1262 530 esse
1285 500 1508 538 significaretur.
1553 500 1637 530 Certe
1655 510 1688 530 ex
1706 499 1902 538 dittographia

215 570 308 595 ortum
327 569 379 593 est.
425 562 496 591 Male
519 561 607 599 igitur
624 560 747 589 Haasius
765 565 793 589 et
811 559 939 588 Ritterus
956 563 1024 588 ante
1040 563 1065 587 et
1081 557 1188 596 aliquid
1206 557 1346 586 excidisse
1367 557 1558 586 coniecerunt
1581 557 1690 596 (neque
1714 556 1792 586 enim
1818 554 1903 594 quid-

214 629 298 659 quam
323 618 515 653 desideratur)
541 626 595 646 nec
619 616 722 646 melius
747 615 877 644 Baiterus
902 619 930 643 et
955 614 1118 643 l‘titznerus
1142 619 1167 643 et
1189 623 1272 652 aeyre
1294 614 1490 643 retinuerunt.

354 674 404 703 Xll
421 674 471 708 50,
488 673 505 701 7
531 673 630 702 deinde
654 677 739 701 atr-om
761 671 845 700 hiems
867 680 915 700 seu
937 679 1042 709 parum
1070 671 1176 708 provisi
1208 675 1376 699 commeatus
1399 674 1423 698 ec
1447 674 1509 699 orca
1531 678 1568 698 em
1594 675 1713 708 utroque
1738 668 1814 698 tabes
1835 676 1905 706 per-

214 731 320 770 pellunt
348 731 495 769 Voloyesen
519 731 643 759 omittere
664 729 832 767 praesentia.
879 727 917 755 lbi
942 735 989 755 seu
1013 735 1142 764 pugnare
1167 725 1237 755 mihi
1262 725 1375 755 videtur
1399 735 1464 754 cum
1484 725 1577 754 verbis
1601 731 1626 754 et
1650 730 1711 754 orla
1728 734 1764 754 em
1789 729 1909 763 utroque

215 788 295 821 tabes,
319 787 379 816 sive
404 786 490 816 liuius
514 784 672 824 particulae
696 793 757 813 eam
777 783 831 811 vim
856 793 922 812 esse
946 783 1101 816 malumus,
1126 787 1158 812 ut
1175 781 1308 812 dubitare
1333 792 1364 811 se
1381 781 1497 811 Tacitus
1521 781 1605 815 dicat,
1629 781 1777 810 fuerintne
1801 789 1905 820 parum

214 843 321 883 provisi
344 846 535 875 commeatus,
559 851 595 870 an
613 850 684 873 eam,
711 845 741 869 ut
758 839 939 877 significetur
962 840 1108 868 incertum
1133 848 1206 873 esse,
1231 838 1378 868 fuerintne
1395 847 1497 877 parum
1515 837 1621 876 provisi
1645 841 1826 867 commeatus
1852 846 1907 866 una

215 910 248 929 ex
271 899 366 929 causis
391 904 536 937 receptus.
582 897 653 926 Nam
678 896 816 935 quonian]
841 905 875 925 ex
899 900 1032 934 utraque,
1068 904 1127 925 non
1151 904 1185 923 ex
1209 896 1298 924 altera
1323 899 1387 924 utra
1410 903 1441 923 re
1465 893 1561 923 tabem
1586 900 1680 924 ortam
1705 903 1767 923 esse
1789 893 1910 923 Tacitus

216 956 293 991 dicit,
317 960 429 985 certum
464 959 508 983 est
542 954 668 992 primum
703 957 731 981 et
754 957 880 982 atrocem
905 952 1031 981 hiemem
1056 956 1085 980 et
1108 960 1211 990 parum
1248 950 1381 990 provisos
1409 950 1501 979 fuisse
1524 955 1716 984 commeatus,
1751 949 1857 979 deinde
1881 953 1912 978 et

215 1012 305 1042 atroci
328 1011 425 1040 hieme
449 1014 477 1040 et
501 1019 601 1048 parum
634 1009 756 1047 provisis
791 1008 1005 1037 commeatibus
1030 1007 1189 1045 Vologesen
1224 1011 1356 1036 coactum
1397 1015 1474 1039 esse,
1509 1011 1540 1035 ut
1565 1006 1777 1044 regrederetur,
1802 1005 1908 1044 quibus

217 1068 311 1097 causis
335 1066 457 1096 accessit
480 1066 563 1094 tertia
588 1074 620 1093 ex
645 1065 699 1093 illis
723 1064 836 1093 duabus
860 1069 932 1093 orta.
977 1064 1054 1093 Haec
1078 1072 1163 1092 causa
1189 1068 1241 1093 est.
1266 1072 1317 1092 cur
1339 1063 1370 1092 in
1394 1063 1489 1092 locum
1516 1062 1674 1101 particulae
1697 1071 1746 1092 sen
1769 1061 1909 1092 substitui

217 1124 299 1153 velim
323 1128 355 1152 et.
402 1122 475 1151 Nam
499 1127 530 1150 nt
553 1121 628 1150 bello
651 1120 844 1149 Mithridatico
881 1120 975 1158 primo
1011 1119 1155 1149 exercitus
1187 1119 1223 1148 ob
1247 1118 1434 1157 asperitatem
1459 1119 1563 1148 hiemis
1587 1123 1621 1147 et
1644 1117 1797 1156 penuriam
1821 1117 1910 1146 vestis

218 1179 388 1217 gravissimo
412 1178 441 1207 in
465 1177 631 1207 discrimine
656 1182 716 1205 erat
740 1177 827 1213 (Ann.
845 1176 879 1205 tv
897 1176 946 1207 56,
967 1177 1024 1209 lm,
1048 1180 1139 1213 utque
1161 1175 1273 1204 Vitellio
1298 1175 1391 1204 fessos
1414 1175 1511 1204 hicme
1545 1179 1655 1212 atque
1689 1174 1785 1212 inopia
1810 1173 1910 1203 hostes

218 1235 334 1273 aggredi
359 1238 531 1273 promptum
555 1238 615 1262 crat
639 1232 684 1268 (H.
703 1232 804 1266 11156,
824 1231 886 1266 12),
908 1232 946 1261 ita
970 1237 1032 1261 tum
1050 1241 1168 1270 quoque
1193 1231 1285 1260 hiems
1309 1235 1342 1259 et
1366 1230 1462 1269 inopia
1487 1240 1570 1260 causa
1595 1230 1737 1259 malorum
1762 1229 1827 1259 fnit.
1859 1229 1910 1258 His

219 1291 357 1330 expositis
381 1290 509 1319 codicem
534 1289 692 1318 Mediceuni
717 1288 914 1318 consulamus,
961 1288 993 1317 ln
1010 1298 1043 1316 eo
1060 1292 1126 1326 post
1149 1287 1263 1326 hiemps.
1287 1296 1315 1316 se
1331 1286 1471 1325 aspicitur
1494 1287 1599 1319 littera,
1623 1295 1698 1324 quae
1722 1294 1908 1324 nequaquam

219 1352 263 1377 est
285 1357 314 1381 u,
348 1347 398 1376 sed
432 1345 501 1374 milii
540 1345 688 1374 videbatur
723 1354 787 1374 esse
809 1349 828 1379 t,
864 1353 1042 1383 quamquam
1067 1353 1080 1372 a
1105 1344 1188 1372 solita
1217 1343 1310 1372 forma
1334 1343 1395 1372 eius
1420 1343 1531 1372 litterae
1554 1342 1682 1381 paullum
1708 1342 1824 1371 recedit.
1871 1342 1907 1370 At

220 1413 340 1443 prorsus
370 1402 471 1432 eadem
495 1402 607 1431 litterae
630 1408 640 1430 t
664 1402 754 1439 ligura
779 1405 823 1430 est
847 1400 896 1430 Xll
915 1399 964 1437 28,
982 1401 1000 1429 5
1025 1399 1053 1428 in
1079 1398 1216 1428 vocabulo
1240 1404 1325 1428 metu.
1372 1399 1468 1428 Deleta
1504 1398 1592 1436 igitur
1616 1408 1628 1427 s
1652 1399 1763 1432 littera,
1799 1397 1909 1436 quippe

223 1469 296 1499 quae
321 1459 396 1489 male
419 1458 539 1497 repetita
564 1457 608 1491 sit,
632 1462 790 1495 resurgunt
813 1457 897 1486 haec:
921 1462 1008 1486 atroa:
1027 1441 1122 1485 hiems·
1135 1460 1160 1484 et
1182 1464 1285 1494 parum
1306 1457 1416 1494 provisi
1436 1460 1611 1484 commeatus.

363 1515 455 1544 Rarae
479 1514 641 1543 litterarum
667 1514 778 1543 formae
802 1514 859 1542 duo
884 1513 1007 1551 insignia
1033 1511 1163 1550 exempla
1187 1511 1293 1540 addere
1317 1511 1402 1545 iuvat,
1426 1520 1484 1549 quo
1510 1511 1600 1549 magis
1624 1510 1775 1548 magisque
1800 1509 1914 1539 minua-

221 1577 270 1602 tur
294 1571 373 1610 copia
398 1579 509 1604 eorum,
534 1579 607 1608 quac
631 1570 763 1599 librarius
786 1569 906 1599 Medicei
930 1569 1048 1598 alterius
1065 1567 1221 1606 deliquisse
1238 1572 1288 1596 aut
1304 1567 1468 1605 corrupisse
1485 1567 1600 1596 dicitur.
1646 1566 1708 1596 XVI
1730 1566 1775 1600 13,
1793 1565 1810 1594 4
1834 1569 1913 1595 recte

223 1627 356 1658 scribunt
378 1627 416 1657 ad
438 1627 530 1656 vicina
556 1626 625 1655 urbi.
670 1626 698 1654 ld
717 1626 848 1655 Baiterus
866 1635 898 1655 ex
916 1625 1013 1654 codice
1031 1624 1177 1663 Agricolae
1195 1624 1402 1662 depromptum
1427 1632 1490 1652 esse
1507 1622 1592 1655 dicit3
1617 1623 1646 1652 in
1669 1622 1797 1652 Mediceo
1819 1622 1911 1660 scrip-

222 1690 284 1714 tum
309 1693 372 1713 esse
396 1682 433 1712 ad
455 1683 547 1712 vz'em'a
568 1682 646 1714 urbi:
668 1692 698 1711 ac
721 1682 856 1712 similiter
880 1681 1019 1711 Ritterus.
1066 1681 1135 1718 Ego,
1159 1684 1192 1709 ut
1219 1680 1310 1709 dicam
1328 1679 1405 1718 quod
1430 1679 1536 1714 sentio,
1559 1679 1653 1708 acrius
1677 1679 1732 1708 hoc
1755 1679 1818 1708 loco
1843 1687 1908 1708 eum

224 1741 273 1779 qui
296 1740 426 1769 codicem
449 1737 596 1775 Agricolae
620 1738 744 1776 scripsit.
767 1738 929 1767 Mediceum
954 1736 1059 1766 librum
1084 1735 1245 1775 inspexisse
1270 1744 1374 1764 censeo
1391 1744 1477 1773 quam
1501 1735 1679 1765 recentiores
1702 1734 1766 1764 illos
1789 1739 1839 1763 aut
1861 1743 1910 1764 eos

224 1797 272 1835 qui
297 1796 333 1825 ad
355 1796 463 1825 moenia
485 1794 563 1823 urbis
585 1794 670 1823 scribi
695 1795 852 1823 iusserunt.
898 1792 969 1822 Nam
993 1792 1022 1821 in
1046 1791 1173 1821 Mediceo
1197 1797 1295 1829 aperte
1319 1791 1461 1829 scriptum
1485 1795 1529 1820 est
1551 1793 1651 1820 vicina.
1697 1790 1792 1820 Prima
1816 1790 1910 1820 littera

224 1862 284 1882 non
307 1852 402 1881 solum
425 1850 508 1885 infra,
533 1850 582 1879 sed
607 1851 690 1879 etiam
716 1858 840 1889 superne
863 1849 957 1878 clausa
982 1853 1036 1881 est,
1061 1852 1091 1877 ut
1114 1847 1203 1877 videri
1228 1847 1319 1886 possit
1342 1856 1375 1876 ex
1398 1856 1418 1876 n
1441 1856 1503 1876 esse
1528 1850 1669 1881 correcta,
1692 1847 1774 1876 tertia
1800 1856 1910 1886 nequa-

224 1918 310 1948 quam
328 1912 371 1937 est
386 1917 409 1942 e,
432 1907 482 1936 sed
499 1916 511 1936 c
532 1906 646 1935 insolita
670 1908 770 1945 ligura,
794 1905 878 1935 cuius
901 1910 1001 1934 tamen
1024 1904 1126 1934 similia
1151 1904 1280 1942 exempla
1304 1908 1402 1933 extant
1424 1902 1455 1932 ln
1478 1901 1624 1932 vocabulis
1646 1902 1781 1932 indicium
1807 1902 1853 1938 18,
1872 1903 1909 1933 16

225 1969 253 1994 et
275 1964 396 1994 luctibus
419 1963 468 1997 22,
488 1963 539 1997 173
573 1967 737 2000 sequuntur
771 1970 831 1991 non
852 1971 872 1991 n
895 1966 924 1991 et
946 1963 966 1997 i,
989 1961 1037 1990 sed
1062 1963 1071 1990 ι’
1093 1965 1120 1989 et
1142 1970 1169 1990 n.
1216 1960 1290 1989 Nihil
1314 1960 1399 1998 igitur
1433 1968 1506 1997 opus
1533 1963 1577 1988 est
1599 1959 1704 1988 auxilio
1728 1959 1908 1998 reliquorum

226 2021 365 2053 locorum,
391 2019 497 2058 quibus
513 2018 629 2047 Tacitus
654 2020 745 2048 vicina
762 2018 826 2047 urbi
841 2017 966 2056 scripsit,
991 2026 1056 2046 cum
1074 2016 1163 2045 codex
1179 2016 1241 2054 ipse
1258 2016 1332 2045 hanc
1355 2015 1527 2054 scripturam
1552 2020 1676 2045 tueatur.
1689 2033 1731 2036 ——
1743 2015 1807 2045 Xlll
1831 2016 1877 2051 11,
1891 2016 1909 2045 5

220 2076 341 2115 placium
365 2074 516 2113 scripsisse
538 2074 686 2103 librarium
711 2074 813 2103 dicunt
836 2074 878 2112 (et
900 2073 1017 2112 scripsit
1036 2073 1125 2111 plutio
1150 2071 1280 2107 X11132,
1298 2072 1338 2110 6),
1373 2081 1439 2101 cum
1463 2071 1583 2101 deberet
1603 2071 1753 2110 plautium.
1798 2072 1833 2100 At
1855 2081 1909 2101 su-

224 2132 331 2171 periori
354 2131 462 2169 partia
482 2130 592 2159 litterae
615 2130 643 2158 in
666 2130 722 2159 tine
738 2139 838 2160 versus
863 2130 971 2159 adnexa
996 2133 1040 2158 est
1063 2129 1097 2158 ab
1121 2129 1185 2167 ipso
1209 2128 1326 2158 librario
1349 2128 1448 2157 eadem
1473 2128 1518 2157 illa
1542 2133 1658 2157 curvata
1683 2128 1798 2162 lineola,
1821 2137 1908 2166 qnam

226 2197 311 2226 saepe
336 2187 395 2225 ipse
419 2186 551 2215 librarius
575 2195 628 2214 nec
651 2186 747 2215 minus
771 2196 856 2225 saepe
881 2194 984 2215 manus
1005 2186 1151 2224 posterior
1175 2184 1316 2223 superiori
1334 2184 1407 2223 parti
1424 2183 1537 2213 litterae
1553 2184 1568 2213 b
1585 2183 1723 2217 adiunxit,
1748 2193 1822 2222 quae
1845 2192 1908 2212 eam

224 2243 254 2272 in
277 2253 296 2271 u
321 2241 488 2271 mutandam
513 2250 575 2270 esse
598 2241 780 2279 signiticaret.
828 2242 927 2280 ltaque
945 2241 1078 2270 librarius
1103 2245 1134 2269 ut
1157 2240 1253 2275 xt14,
1274 2239 1319 2275 13,
1343 2249 1408 2269 cum
1432 2240 1572 2269 scriberet
1597 2248 1705 2269 nomen
1729 2238 1808 2277 Eprii
1831 2238 1906 2268 Mar-

226 2299 298 2331 celli,
321 2299 433 2327 litterae
456 2307 470 2326 a
493 2298 523 2326 in
545 2298 603 2325 tine
628 2307 727 2326 versus
751 2298 884 2327 lineolam
908 2297 1060 2336 dupliciter
1094 2302 1242 2325 curvatam
1267 2296 1389 2329 addidit,
1426 2300 1457 2324 ut
1481 2300 1557 2325 esset
1579 2304 1632 2334 pro
1655 2304 1679 2329 r,
1702 2295 1743 2323 sic
1767 2294 1821 2323 hoc
1843 2295 1907 2324 loco

227 2355 319 2384 eidem
345 2354 457 2383 litterae
481 2352 584 2382 eodem
609 2353 671 2381 loco
695 2362 796 2382 versus
819 2354 953 2383 lineolam
978 2352 1147 2391 simpliciter
1171 2358 1317 2382 curvatam
1343 2351 1482 2385 adiunxit,
1508 2356 1538 2380 ut
1562 2355 1639 2380 esset
1662 2360 1714 2389 pro
1738 2360 1765 2380 u.

370 2408 497 2443 xltl31,
518 2408 555 2437 12
578 2408 664 2437 edicit
691 2408 803 2443 Caesar,
835 2419 868 2438 ne
895 2411 956 2448 quis
982 2410 1162 2446 magistratus
1190 2412 1243 2436 etc.
1289 2408 1365 2437 Haec
1394 2407 1478 2436 verba
1511 2406 1642 2446 quamvis
1673 2406 1811 2445 simplicia
1843 2415 1908 2436 esse

227 2465 389 2499 videantur,
414 2465 614 2503 quaestionem
639 2469 757 2494 movent
781 2471 887 2494 utnon
911 2474 1038 2503 gravem,
1061 2465 1100 2494 ita
1121 2464 1190 2493 satis
1208 2464 1364 2493 difficilem.
1402 2463 1472 2492 Nam
1490 2463 1519 2492 in
1538 2463 1636 2492 codice
1651 2467 1750 2501 aperte
1766 2462 1907 2501 scriptum

228 2526 272 2551 est
294 2521 400 2554 eldi'arit,
425 2522 499 2559 quod
526 2530 577 2558 ego
603 2530 681 2550 nunc
704 2520 814 2558 primus
840 2531 954 2550 moneo.
998 2520 1068 2549 Inde
1093 2520 1222 2549 exoritur
1246 2519 1387 2558 quaestio,
1419 2523 1516 2548 utrum
1542 2519 1629 2548 adimit
1651 2517 1837 2547 scribendum
1862 2518 1909 2552 sit,

228 2578 305 2616 quod
334 2577 427 2606 adhuc
460 2586 562 2606 omnes
594 2577 787 2615 scripserunt,
819 2578 956 2614 quoniam
986 2577 1053 2615 quid
1079 2577 1167 2605 codex
1197 2575 1316 2605 liaberet
1339 2574 1535 2609 nesciebatur,
1565 2583 1600 2604 an
1623 2579 1648 2604 et
1670 2573 1756 2604 edz‘an't
1779 2574 1859 2612 (nam
1883 2577 1909 2602 et
